<?xml version="1.0" encoding="UTF-8"?>
<!DOCTYPE html PUBLIC "-//W3C//DTD XHTML 1.0 Transitional//EN"
    "http://www.w3.org/TR/xhtml1/DTD/xhtml1-transitional.dtd">
<html xmlns="http://www.w3.org/1999/xhtml" xml:lang="en" lang="en">
 <head>
  <title>
</title>
<meta http-equiv="Content-Type" content="text/html;charset=utf-8" />
  <meta name='ocr-system' content='tesseract 3.04.00' />
  <meta name='ocr-capabilities' content='ocr_page ocr_carea ocr_par ocr_line ocrx_word'/>
</head>
<body>
  <div class='ocr_page' id='page_1' title='image "./decapitoliisimp01kuhfgoog_0112.png"; bbox 0 0 3114 5110; ppageno 0'>
   <div class='ocr_carea' id='block_1_1' title="bbox 613 257 831 318">
    <p class='ocr_par' dir='ltr' id='par_1_1' title="bbox 613 257 831 318">
     <span class='ocr_line' id='line_1_1' title="bbox 613 257 831 318; baseline 0.005 -17"><span class='ocrx_word' id='word_1_1' title='bbox 613 257 831 318; x_wconf 73' lang='lat'><em>„19-</em></span> 
     </span>
    </p>
   </div>
   <div class='ocr_carea' id='block_1_2' title="bbox 147 430 1296 1103">
    <p class='ocr_par' dir='ltr' id='par_1_2' title="bbox 147 430 1296 1103">
     <span class='ocr_line' id='line_1_2' title="bbox 148 430 1294 511; baseline 0.002 -19"><span class='ocrx_word' id='word_1_2' title='bbox 148 433 243 511; x_wconf 87' lang='lat' dir='ltr'>ipsam</span> <span class='ocrx_word' id='word_1_3' title='bbox 272 430 473 492; x_wconf 81' lang='lat' dir='ltr'>aemulabatur</span> <span class='ocrx_word' id='word_1_4' title='bbox 500 439 529 491; x_wconf 90' lang='lat' dir='ltr'>et</span> <span class='ocrx_word' id='word_1_5' title='bbox 556 430 777 509; x_wconf 81' lang='lat' dir='ltr'>imitabatur⁴⁵).</span> <span class='ocrx_word' id='word_1_6' title='bbox 823 431 902 494; x_wconf 89' lang='lat' dir='ltr'>Bello</span> <span class='ocrx_word' id='word_1_7' title='bbox 924 431 1005 492; x_wconf 90' lang='lat' dir='ltr'>enim</span> <span class='ocrx_word' id='word_1_8' title='bbox 1032 430 1131 493; x_wconf 87' lang='lat' dir='ltr'>sociali</span> <span class='ocrx_word' id='word_1_9' title='bbox 1159 433 1294 494; x_wconf 87' lang='lat' dir='ltr'>conlecto</span> 
     </span>
     <span class='ocr_line' id='line_1_3' title="bbox 148 529 1293 609; baseline 0.001 -18"><span class='ocrx_word' id='word_1_10' title='bbox 148 549 216 591; x_wconf 91' lang='lat' dir='ltr'>cum</span> <span class='ocrx_word' id='word_1_11' title='bbox 233 547 339 590; x_wconf 89' lang='lat' dir='ltr'>omnes</span> <span class='ocrx_word' id='word_1_12' title='bbox 352 529 452 590; x_wconf 90' lang='lat' dir='ltr'>ltaliae</span> <span class='ocrx_word' id='word_1_13' title='bbox 467 529 556 591; x_wconf 91' lang='lat' dir='ltr'>urbes</span> <span class='ocrx_word' id='word_1_14' title='bbox 572 530 618 590; x_wconf 92' lang='lat' dir='ltr'>ius</span> <span class='ocrx_word' id='word_1_15' title='bbox 635 548 763 608; x_wconf 91' lang='lat' dir='ltr'>aequum</span> <span class='ocrx_word' id='word_1_16' title='bbox 781 537 810 590; x_wconf 89' lang='lat' dir='ltr'>et</span> <span class='ocrx_word' id='word_1_17' title='bbox 825 549 879 609; x_wconf 94' lang='lat' dir='ltr'>par</span> <span class='ocrx_word' id='word_1_18' title='bbox 893 529 1016 608; x_wconf 81' lang='lat' dir='ltr'>adeptae</span> <span class='ocrx_word' id='word_1_19' title='bbox 1031 537 1132 592; x_wconf 87' lang='lat' dir='ltr'>essent</span> <span class='ocrx_word' id='word_1_20' title='bbox 1147 537 1176 591; x_wconf 90' lang='lat' dir='ltr'>et</span> <span class='ocrx_word' id='word_1_21' title='bbox 1188 530 1293 605; x_wconf 88' lang='lat' dir='ltr'>Roma,</span> 
     </span>
     <span class='ocr_line' id='line_1_4' title="bbox 149 627 1294 712; baseline 0.003 -23"><span class='ocrx_word' id='word_1_22' title='bbox 149 647 225 708; x_wconf 89' lang='lat' dir='ltr'>quae</span> <span class='ocrx_word' id='word_1_23' title='bbox 254 627 324 689; x_wconf 84' lang='lat' dir='ltr'>ante</span> <span class='ocrx_word' id='word_1_24' title='bbox 351 628 381 688; x_wconf 96' lang='lat' dir='ltr'>id</span> <span class='ocrx_word' id='word_1_25' title='bbox 405 637 524 708; x_wconf 90' lang='lat' dir='ltr'>tempus</span> <span class='ocrx_word' id='word_1_26' title='bbox 555 628 783 708; x_wconf 80' lang='lat' dir='ltr'>metropoliset</span> <span class='ocrx_word' id='word_1_27' title='bbox 814 628 981 690; x_wconf 91' lang='lat' dir='ltr'>communis</span> <span class='ocrx_word' id='word_1_28' title='bbox 1013 637 1164 712; x_wconf 81' lang='lat' dir='ltr'>tamquam</span> <span class='ocrx_word' id='word_1_29' title='bbox 1200 630 1294 709; x_wconf 89' lang='lat' dir='ltr'>patria</span> 
     </span>
     <span class='ocr_line' id='line_1_5' title="bbox 148 725 1294 806; baseline 0.003 -20"><span class='ocrx_word' id='word_1_30' title='bbox 148 726 286 786; x_wconf 92' lang='lat' dir='ltr'>omnium</span> <span class='ocrx_word' id='word_1_31' title='bbox 308 725 419 798; x_wconf 85' lang='lat' dir='ltr'>luerat,</span> <span class='ocrx_word' id='word_1_32' title='bbox 450 745 485 786; x_wconf 87' lang='lat' dir='ltr'>ex</span> <span class='ocrx_word' id='word_1_33' title='bbox 514 725 586 786; x_wconf 88' lang='lat' dir='ltr'>urbe</span> <span class='ocrx_word' id='word_1_34' title='bbox 616 726 750 806; x_wconf 84' lang='lat' dir='ltr'>principe</span> <span class='ocrx_word' id='word_1_35' title='bbox 772 726 867 804; x_wconf 91' lang='lat' dir='ltr'>prima</span> <span class='ocrx_word' id='word_1_36' title='bbox 897 726 976 788; x_wconf 89' lang='lat' dir='ltr'>inter</span> <span class='ocrx_word' id='word_1_37' title='bbox 997 745 1084 806; x_wconf 90' lang='lat' dir='ltr'>pares</span> <span class='ocrx_word' id='word_1_38' title='bbox 1107 727 1182 790; x_wconf 87' lang='lat' dir='ltr'>facta</span> <span class='ocrx_word' id='word_1_39' title='bbox 1206 737 1294 803; x_wconf 89' lang='lat' dir='ltr'>esset,</span> 
     </span>
     <span class='ocr_line' id='line_1_6' title="bbox 147 825 1295 907; baseline 0.003 -22"><span class='ocrx_word' id='word_1_40' title='bbox 147 825 368 904; x_wconf 86' lang='lat' dir='ltr'>provinciarum</span> <span class='ocrx_word' id='word_1_41' title='bbox 393 825 549 904; x_wconf 89' lang='lat' dir='ltr'>praecipua</span> <span class='ocrx_word' id='word_1_42' title='bbox 572 825 678 904; x_wconf 93' lang='lat' dir='ltr'>oppida</span> <span class='ocrx_word' id='word_1_43' title='bbox 701 833 734 886; x_wconf 92' lang='lat' dir='ltr'>ut</span> <span class='ocrx_word' id='word_1_44' title='bbox 754 825 848 887; x_wconf 90' lang='lat' dir='ltr'>Roma</span> <span class='ocrx_word' id='word_1_45' title='bbox 870 825 961 887; x_wconf 86' lang='lat' dir='ltr'>totius</span> <span class='ocrx_word' id='word_1_46' title='bbox 983 825 1100 905; x_wconf 86' lang='lat' dir='ltr'>imperii</span> <span class='ocrx_word' id='word_1_47' title='bbox 1123 827 1295 907; x_wconf 84' lang='lat' dir='ltr'>metropolis</span> 
     </span>
     <span class='ocr_line' id='line_1_7' title="bbox 147 923 1296 1007; baseline 0.003 -24"><span class='ocrx_word' id='word_1_48' title='bbox 147 923 188 984; x_wconf 92' lang='lat' dir='ltr'>ita</span> <span class='ocrx_word' id='word_1_49' title='bbox 212 923 302 984; x_wconf 89' lang='lat' dir='ltr'>altera</span> <span class='ocrx_word' id='word_1_50' title='bbox 325 924 469 1003; x_wconf 90' lang='lat' dir='ltr'>quaedam</span> <span class='ocrx_word' id='word_1_51' title='bbox 486 942 574 1002; x_wconf 89' lang='lat' dir='ltr'>parva</span> <span class='ocrx_word' id='word_1_52' title='bbox 590 943 659 984; x_wconf 89' lang='lat' dir='ltr'>suae</span> <span class='ocrx_word' id='word_1_53' title='bbox 681 923 851 1004; x_wconf 89' lang='lat' dir='ltr'>provinciae</span> <span class='ocrx_word' id='word_1_54' title='bbox 866 925 958 986; x_wconf 90' lang='lat' dir='ltr'>Roma</span> <span class='ocrx_word' id='word_1_55' title='bbox 981 932 1012 986; x_wconf 87' lang='lat' dir='ltr'>et</span> <span class='ocrx_word' id='word_1_56' title='bbox 1034 943 1098 986; x_wconf 89' lang='lat' dir='ltr'>esse</span> <span class='ocrx_word' id='word_1_57' title='bbox 1113 933 1142 986; x_wconf 87' lang='lat' dir='ltr'>ct</span> <span class='ocrx_word' id='word_1_58' title='bbox 1158 925 1296 1007; x_wconf 88' lang='lat' dir='ltr'>appellari</span> 
     </span>
     <span class='ocr_line' id='line_1_8' title="bbox 149 1021 1060 1103; baseline 0.003 -22"><span class='ocrx_word' id='word_1_59' title='bbox 149 1021 298 1097; x_wconf 86' lang='lat' dir='ltr'>volebant,</span> <span class='ocrx_word' id='word_1_60' title='bbox 322 1041 390 1084; x_wconf 91' lang='lat' dir='ltr'>cum</span> <span class='ocrx_word' id='word_1_61' title='bbox 414 1023 495 1083; x_wconf 92' lang='lat' dir='ltr'>nullo</span> <span class='ocrx_word' id='word_1_62' title='bbox 518 1023 607 1083; x_wconf 91' lang='lat' dir='ltr'>modu</span> <span class='ocrx_word' id='word_1_63' title='bbox 630 1023 773 1103; x_wconf 85' lang='lat' dir='ltr'>insignius</span> <span class='ocrx_word' id='word_1_64' title='bbox 795 1031 918 1103; x_wconf 87' lang='lat' dir='ltr'>possent</span> <span class='ocrx_word' id='word_1_65' title='bbox 940 1024 1060 1086; x_wconf 88' lang='lat' dir='ltr'>laudari.</span> 
     </span>
    </p>
   </div>
   <div class='ocr_carea' id='block_1_3' title="bbox 681 1198 769 1254">
    <p class='ocr_par' dir='ltr' id='par_1_3' title="bbox 681 1198 769 1254">
     <span class='ocr_line' id='line_1_9' title="bbox 681 1198 769 1254; baseline -0.023 0"><span class='ocrx_word' id='word_1_66' title='bbox 681 1198 769 1254; x_wconf 83' lang='lat' dir='ltr'>Nola.</span> 
     </span>
    </p>
   </div>
   <div class='ocr_carea' id='block_1_4' title="bbox 139 1317 1295 2576">
    <p class='ocr_par' dir='ltr' id='par_1_4' title="bbox 139 1317 1295 1892">
     <span class='ocr_line' id='line_1_10' title="bbox 139 1317 1294 1399; baseline 0 -19"><span class='ocrx_word' id='word_1_67' title='bbox 139 1317 144 1324; x_wconf 86' lang='lat'>&#39;</span> <span class='ocrx_word' id='word_1_68' title='bbox 236 1319 414 1399; x_wconf 88' lang='lat' dir='ltr'>Capitolium</span> <span class='ocrx_word' id='word_1_69' title='bbox 438 1317 583 1379; x_wconf 88' lang='lat' dir='ltr'>Nolanum</span> <span class='ocrx_word' id='word_1_70' title='bbox 608 1319 665 1380; x_wconf 90' lang='lat' dir='ltr'>nisi</span> <span class='ocrx_word' id='word_1_71' title='bbox 689 1319 760 1380; x_wconf 87' lang='lat' dir='ltr'>actis</span> <span class='ocrx_word' id='word_1_72' title='bbox 788 1317 880 1378; x_wconf 88' lang='lat' dir='ltr'>sancti</span> <span class='ocrx_word' id='word_1_73' title='bbox 907 1317 1009 1379; x_wconf 87' lang='lat' dir='ltr'>Felicis</span> <span class='ocrx_word' id='word_1_74' title='bbox 1032 1317 1193 1397; x_wconf 87' lang='lat' dir='ltr'>presbyteri</span> <span class='ocrx_word' id='word_1_75' title='bbox 1221 1337 1294 1380; x_wconf 89' lang='lat' dir='ltr'>nus-</span> 
     </span>
     <span class='ocr_line' id='line_1_11' title="bbox 149 1417 1295 1498; baseline -0.002 -18"><span class='ocrx_word' id='word_1_76' title='bbox 149 1437 238 1498; x_wconf 87' lang='lat' dir='ltr'>quam</span> <span class='ocrx_word' id='word_1_77' title='bbox 268 1419 347 1497; x_wconf 91' lang='lat' dir='ltr'>quod</span> <span class='ocrx_word' id='word_1_78' title='bbox 374 1417 465 1477; x_wconf 87' lang='lat' dir='ltr'>sciam</span> <span class='ocrx_word' id='word_1_79' title='bbox 495 1425 753 1477; x_wconf 86' lang='lat' dir='ltr'>commemoratur.</span> <span class='ocrx_word' id='word_1_80' title='bbox 799 1418 840 1476; x_wconf 84' lang='lat' dir='ltr'>Ac</span> <span class='ocrx_word' id='word_1_81' title='bbox 870 1417 928 1478; x_wconf 91' lang='lat' dir='ltr'>duc</span> <span class='ocrx_word' id='word_1_82' title='bbox 958 1417 1078 1496; x_wconf 88' lang='lat' dir='ltr'>quidem</span> <span class='ocrx_word' id='word_1_83' title='bbox 1100 1417 1222 1478; x_wconf 85' lang='lat' dir='ltr'>fuerunt</span> <span class='ocrx_word' id='word_1_84' title='bbox 1244 1417 1295 1494; x_wconf 91' lang='lat' dir='ltr'>qui</span> 
     </span>
     <span class='ocr_line' id='line_1_12' title="bbox 148 1515 1294 1594; baseline 0.002 -19"><span class='ocrx_word' id='word_1_85' title='bbox 148 1537 173 1577; x_wconf 85' lang='lat' dir='ltr'>s.</span> <span class='ocrx_word' id='word_1_86' title='bbox 202 1516 305 1576; x_wconf 84' lang='lat' dir='ltr'>Felicis</span> <span class='ocrx_word' id='word_1_87' title='bbox 335 1532 446 1576; x_wconf 91' lang='lat' dir='ltr'>nomen</span> <span class='ocrx_word' id='word_1_88' title='bbox 477 1534 547 1593; x_wconf 86' lang='lat' dir='ltr'>prus</span> <span class='ocrx_word' id='word_1_89' title='bbox 578 1535 609 1576; x_wconf 89' lang='lat' dir='ltr'>se</span> <span class='ocrx_word' id='word_1_90' title='bbox 631 1516 759 1587; x_wconf 84' lang='lat' dir='ltr'>ferrent,</span> <span class='ocrx_word' id='word_1_91' title='bbox 788 1533 916 1593; x_wconf 90' lang='lat' dir='ltr'>qnorum</span> <span class='ocrx_word' id='word_1_92' title='bbox 941 1515 1066 1576; x_wconf 88' lang='lat' dir='ltr'>alterum</span> <span class='ocrx_word' id='word_1_93' title='bbox 1088 1515 1294 1594; x_wconf 79' lang='lat' dir='ltr'>presbyterum</span> 
     </span>
     <span class='ocr_line' id='line_1_13' title="bbox 148 1613 1295 1690; baseline 0.001 -15"><span class='ocrx_word' id='word_1_94' title='bbox 148 1614 341 1690; x_wconf 66' lang='lat' dir='ltr'>Nolanumffl)</span> <span class='ocrx_word' id='word_1_95' title='bbox 366 1613 504 1673; x_wconf 88' lang='lat' dir='ltr'>Paulinus</span> <span class='ocrx_word' id='word_1_96' title='bbox 528 1622 573 1674; x_wconf 93' lang='lat' dir='ltr'>tot</span> <span class='ocrx_word' id='word_1_97' title='bbox 598 1614 731 1674; x_wconf 90' lang='lat' dir='ltr'>laudibus</span> <span class='ocrx_word' id='word_1_98' title='bbox 754 1613 856 1672; x_wconf 89' lang='lat' dir='ltr'>extulit</span> <span class='ocrx_word' id='word_1_99' title='bbox 879 1622 908 1674; x_wconf 83' lang='lat' dir='ltr'>ct</span> <span class='ocrx_word' id='word_1_100' title='bbox 931 1613 1015 1674; x_wconf 86' lang='lat' dir='ltr'>cuius</span> <span class='ocrx_word' id='word_1_101' title='bbox 1036 1615 1126 1674; x_wconf 90' lang='lat' dir='ltr'>vitam</span> <span class='ocrx_word' id='word_1_102' title='bbox 1148 1623 1295 1676; x_wconf 88' lang='lat' dir='ltr'>mortem-</span> 
     </span>
     <span class='ocr_line' id='line_1_14' title="bbox 148 1712 1294 1794; baseline -0.003 -19"><span class='ocrx_word' id='word_1_103' title='bbox 148 1735 206 1794; x_wconf 85' lang='lat' dir='ltr'>que</span> <span class='ocrx_word' id='word_1_104' title='bbox 235 1714 393 1792; x_wconf 85' lang='lat' dir='ltr'>Gregorius</span> <span class='ocrx_word' id='word_1_105' title='bbox 421 1712 604 1773; x_wconf 83' lang='lat' dir='ltr'>&#39;luroneusis</span> <span class='ocrx_word' id='word_1_106' title='bbox 638 1713 722 1772; x_wconf 94' lang='lat' dir='ltr'>lib.l</span> <span class='ocrx_word' id='word_1_107' title='bbox 757 1713 793 1772; x_wconf 95' lang='lat' dir='ltr'>de</span> <span class='ocrx_word' id='word_1_108' title='bbox 826 1712 916 1790; x_wconf 83' lang='lat' dir='ltr'>gloria</span> <span class='ocrx_word' id='word_1_109' title='bbox 951 1722 1112 1791; x_wconf 83' lang='lat' dir='ltr'>martyrum</span> <span class='ocrx_word' id='word_1_110' title='bbox 1145 1731 1208 1792; x_wconf 91' lang='lat' dir='ltr'>cap.</span> <span class='ocrx_word' id='word_1_111' title='bbox 1235 1713 1294 1774; x_wconf 78' lang='lat'>104</span> 
     </span>
     <span class='ocr_line' id='line_1_15' title="bbox 148 1812 471 1892; baseline -0.006 -20"><span class='ocrx_word' id='word_1_112' title='bbox 148 1813 283 1892; x_wconf 91' lang='lat' dir='ltr'>pluribus</span> <span class='ocrx_word' id='word_1_113' title='bbox 307 1812 471 1890; x_wconf 87' lang='lat' dir='ltr'>descripsit.</span> 
     </span>
    </p>

    <p class='ocr_par' dir='ltr' id='par_1_5' title="bbox 150 1907 1294 2088">
     <span class='ocr_line' id='line_1_16' title="bbox 235 1907 1294 1989; baseline 0 -19"><span class='ocrx_word' id='word_1_114' title='bbox 235 1912 316 1971; x_wconf 83' lang='lat' dir='ltr'>Alter</span> <span class='ocrx_word' id='word_1_115' title='bbox 332 1929 355 1971; x_wconf 93' lang='lat' dir='ltr'>s.</span> <span class='ocrx_word' id='word_1_116' title='bbox 371 1910 459 1980; x_wconf 84' lang='lat' dir='ltr'>Felix,</span> <span class='ocrx_word' id='word_1_117' title='bbox 482 1910 534 1989; x_wconf 89' lang='lat' dir='ltr'>qui</span> <span class='ocrx_word' id='word_1_118' title='bbox 555 1908 627 1969; x_wconf 91' lang='lat' dir='ltr'>actis</span> <span class='ocrx_word' id='word_1_119' title='bbox 644 1907 795 1987; x_wconf 85' lang='lat' dir='ltr'>presbyter</span> <span class='ocrx_word' id='word_1_120' title='bbox 811 1908 962 1970; x_wconf 90' lang='lat' dir='ltr'>Romanus</span> <span class='ocrx_word' id='word_1_121' title='bbox 980 1908 1095 1982; x_wconf 91' lang='lat' dir='ltr'>dicitur,</span> <span class='ocrx_word' id='word_1_122' title='bbox 1119 1909 1294 1989; x_wconf 75' lang='lat' dir='ltr'>visitatque</span> 
     </span>
     <span class='ocr_line' id='line_1_17' title="bbox 150 2006 694 2088; baseline -0.007 -18"><span class='ocrx_word' id='word_1_123' title='bbox 150 2009 229 2070; x_wconf 87' lang='lat' dir='ltr'>diem</span> <span class='ocrx_word' id='word_1_124' title='bbox 252 2027 425 2088; x_wconf 88' lang='lat' dir='ltr'>supremum</span> <span class='ocrx_word' id='word_1_125' title='bbox 449 2009 522 2070; x_wconf 92' lang='lat' dir='ltr'>obiit</span> <span class='ocrx_word' id='word_1_126' title='bbox 544 2006 694 2087; x_wconf 62' lang='lat' dir='ltr'>Nolae47).</span> 
     </span>
    </p>

    <p class='ocr_par' dir='ltr' id='par_1_6' title="bbox 149 2105 1295 2576">
     <span class='ocr_line' id='line_1_18' title="bbox 235 2105 1295 2186; baseline -0.002 -18"><span class='ocrx_word' id='word_1_127' title='bbox 235 2109 367 2180; x_wconf 90' lang='lat' dir='ltr'>Quorum</span> <span class='ocrx_word' id='word_1_128' title='bbox 381 2115 443 2168; x_wconf 89' lang='lat' dir='ltr'>acta</span> <span class='ocrx_word' id='word_1_129' title='bbox 456 2125 635 2186; x_wconf 89' lang='lat' dir='ltr'>quamquam</span> <span class='ocrx_word' id='word_1_130' title='bbox 650 2105 819 2176; x_wconf 66' lang='lat' dir='ltr'>,ueteribus</span> <span class='ocrx_word' id='word_1_131' title='bbox 834 2106 915 2166; x_wconf 93' lang='lat' dir='ltr'>libris</span> <span class='ocrx_word' id='word_1_132' title='bbox 927 2111 1020 2165; x_wconf 90' lang='lat' dir='ltr'>mss.“</span> <span class='ocrx_word' id='word_1_133' title='bbox 1034 2105 1140 2166; x_wconf 91' lang='lat' dir='ltr'>tradita</span> <span class='ocrx_word' id='word_1_134' title='bbox 1157 2107 1295 2166; x_wconf 81' lang='lat' dir='ltr'>feruntur</span> 
     </span>
     <span class='ocr_line' id='line_1_19' title="bbox 149 2203 1293 2285; baseline -0.002 -19"><span class='ocrx_word' id='word_1_135' title='bbox 149 2215 252 2267; x_wconf 86' lang='lat' dir='ltr'>tamen</span> <span class='ocrx_word' id='word_1_136' title='bbox 275 2206 310 2266; x_wconf 93' lang='lat' dir='ltr'>ad</span> <span class='ocrx_word' id='word_1_137' title='bbox 334 2216 465 2267; x_wconf 89' lang='lat' dir='ltr'>nostram</span> <span class='ocrx_word' id='word_1_138' title='bbox 482 2205 697 2285; x_wconf 85' lang='lat' dir='ltr'>quaestionem,</span> <span class='ocrx_word' id='word_1_139' title='bbox 721 2223 788 2264; x_wconf 91' lang='lat' dir='ltr'>cum</span> <span class='ocrx_word' id='word_1_140' title='bbox 804 2204 860 2264; x_wconf 92' lang='lat' dir='ltr'>alio</span> <span class='ocrx_word' id='word_1_141' title='bbox 876 2205 940 2264; x_wconf 92' lang='lat' dir='ltr'>locu</span> <span class='ocrx_word' id='word_1_142' title='bbox 958 2203 1089 2283; x_wconf 87' lang='lat' dir='ltr'>Capitolii</span> <span class='ocrx_word' id='word_1_143' title='bbox 1104 2222 1166 2264; x_wconf 91' lang='lat' dir='ltr'>uon</span> <span class='ocrx_word' id='word_1_144' title='bbox 1182 2203 1293 2264; x_wconf 91' lang='lat' dir='ltr'>mentio</span> 
     </span>
     <span class='ocr_line' id='line_1_20' title="bbox 149 2300 1293 2382; baseline -0.002 -19"><span class='ocrx_word' id='word_1_145' title='bbox 149 2306 206 2376; x_wconf 89' lang='lat' dir='ltr'>liat,</span> <span class='ocrx_word' id='word_1_146' title='bbox 224 2314 333 2364; x_wconf 88' lang='lat' dir='ltr'>certam</span> <span class='ocrx_word' id='word_1_147' title='bbox 351 2305 437 2364; x_wconf 82' lang='lat' dir='ltr'>fidem</span> <span class='ocrx_word' id='word_1_148' title='bbox 454 2312 603 2382; x_wconf 88' lang='lat' dir='ltr'>praestare</span> <span class='ocrx_word' id='word_1_149' title='bbox 619 2319 678 2362; x_wconf 90' lang='lat' dir='ltr'>nou</span> <span class='ocrx_word' id='word_1_150' title='bbox 693 2310 829 2382; x_wconf 90' lang='lat' dir='ltr'>possunt.</span> <span class='ocrx_word' id='word_1_151' title='bbox 865 2302 913 2362; x_wconf 91' lang='lat' dir='ltr'>Sic</span> <span class='ocrx_word' id='word_1_152' title='bbox 928 2300 1017 2380; x_wconf 80' lang='lat' dir='ltr'>igitur</span> <span class='ocrx_word' id='word_1_153' title='bbox 1032 2319 1099 2361; x_wconf 91' lang='lat' dir='ltr'>cum</span> <span class='ocrx_word' id='word_1_154' title='bbox 1115 2301 1168 2361; x_wconf 90' lang='lat' dir='ltr'>alia</span> <span class='ocrx_word' id='word_1_155' title='bbox 1187 2301 1293 2380; x_wconf 88' lang='lat' dir='ltr'>oppida</span> 
     </span>
     <span class='ocr_line' id='line_1_21' title="bbox 150 2399 1294 2482; baseline -0.003 -20"><span class='ocrx_word' id='word_1_156' title='bbox 150 2402 380 2482; x_wconf 84' lang='lat' dir='ltr'>respexerimus,</span> <span class='ocrx_word' id='word_1_157' title='bbox 403 2401 492 2461; x_wconf 87' lang='lat' dir='ltr'>Nolae</span> <span class='ocrx_word' id='word_1_158' title='bbox 514 2401 572 2460; x_wconf 89' lang='lat' dir='ltr'>talc</span> <span class='ocrx_word' id='word_1_159' title='bbox 595 2400 738 2478; x_wconf 86' lang='lat' dir='ltr'>templum</span> <span class='ocrx_word' id='word_1_160' title='bbox 762 2400 855 2460; x_wconf 86' lang='lat' dir='ltr'>fuisse</span> <span class='ocrx_word' id='word_1_161' title='bbox 877 2417 938 2459; x_wconf 92' lang='lat' dir='ltr'>non</span> <span class='ocrx_word' id='word_1_162' title='bbox 960 2399 1024 2459; x_wconf 89' lang='lat' dir='ltr'>sinc</span> <span class='ocrx_word' id='word_1_163' title='bbox 1045 2399 1175 2459; x_wconf 89' lang='lat' dir='ltr'>veritatis</span> <span class='ocrx_word' id='word_1_164' title='bbox 1197 2399 1294 2477; x_wconf 87' lang='lat' dir='ltr'>specia</span> 
     </span>
     <span class='ocr_line' id='line_1_22' title="bbox 149 2497 1291 2576; baseline -0.004 -16"><span class='ocrx_word' id='word_1_165' title='bbox 149 2520 216 2561; x_wconf 87' lang='lat' dir='ltr'>esse</span> <span class='ocrx_word' id='word_1_166' title='bbox 239 2502 290 2561; x_wconf 90' lang='lat' dir='ltr'>sed</span> <span class='ocrx_word' id='word_1_167' title='bbox 315 2519 350 2560; x_wconf 90' lang='lat' dir='ltr'>ex</span> <span class='ocrx_word' id='word_1_168' title='bbox 373 2499 428 2560; x_wconf 91' lang='lat' dir='ltr'>illis</span> <span class='ocrx_word' id='word_1_169' title='bbox 452 2499 523 2559; x_wconf 88' lang='lat' dir='ltr'>actis</span> <span class='ocrx_word' id='word_1_170' title='bbox 540 2499 622 2558; x_wconf 91' lang='lat' dir='ltr'>nullo</span> <span class='ocrx_word' id='word_1_171' title='bbox 637 2505 722 2576; x_wconf 88' lang='lat' dir='ltr'>pacto</span> <span class='ocrx_word' id='word_1_172' title='bbox 738 2498 813 2558; x_wconf 86' lang='lat' dir='ltr'>effici</span> <span class='ocrx_word' id='word_1_173' title='bbox 829 2517 916 2576; x_wconf 89' lang='lat' dir='ltr'>posse</span> <span class='ocrx_word' id='word_1_174' title='bbox 939 2497 1180 2558; x_wconf 77' lang='lat' dir='ltr'>existimabimus.</span> <span class='ocrx_word' id='word_1_175' title='bbox 1219 2497 1291 2558; x_wconf 83' lang='lat' dir='ltr'>Cum</span> 
     </span>
    </p>
   </div>
   <div class='ocr_carea' id='block_1_5' title="bbox 149 2595 1293 2863">
    <p class='ocr_par' dir='ltr' id='par_1_7' title="bbox 149 2595 1293 2863">
     <span class='ocr_line' id='line_1_23' title="bbox 149 2595 1293 2676; baseline -0.002 -18"><span class='ocrx_word' id='word_1_176' title='bbox 149 2607 249 2659; x_wconf 91' lang='lat' dir='ltr'>autem</span> <span class='ocrx_word' id='word_1_177' title='bbox 272 2596 480 2676; x_wconf 89' lang='lat' dir='ltr'>topographiae</span> <span class='ocrx_word' id='word_1_178' title='bbox 495 2597 625 2656; x_wconf 88' lang='lat' dir='ltr'>Nolanae</span> <span class='ocrx_word' id='word_1_179' title='bbox 649 2614 743 2676; x_wconf 89' lang='lat' dir='ltr'>usque</span> <span class='ocrx_word' id='word_1_180' title='bbox 766 2597 801 2656; x_wconf 89' lang='lat' dir='ltr'>ad</span> <span class='ocrx_word' id='word_1_181' title='bbox 818 2597 897 2656; x_wconf 91' lang='lat' dir='ltr'>bunc</span> <span class='ocrx_word' id='word_1_182' title='bbox 912 2595 989 2656; x_wconf 88' lang='lat' dir='ltr'>diem</span> <span class='ocrx_word' id='word_1_183' title='bbox 1006 2595 1062 2655; x_wconf 91' lang='lat' dir='ltr'>viri</span> <span class='ocrx_word' id='word_1_184' title='bbox 1077 2595 1155 2656; x_wconf 88' lang='lat' dir='ltr'>docti</span> <span class='ocrx_word' id='word_1_185' title='bbox 1171 2613 1293 2676; x_wconf 86' lang='lat' dir='ltr'>oporam</span> 
     </span>
     <span class='ocr_line' id='line_1_24' title="bbox 149 2694 1293 2774; baseline -0.001 -18"><span class='ocrx_word' id='word_1_186' title='bbox 149 2713 210 2756; x_wconf 90' lang='lat' dir='ltr'>nun</span> <span class='ocrx_word' id='word_1_187' title='bbox 233 2694 445 2774; x_wconf 88' lang='lat' dir='ltr'>impenderint,</span> <span class='ocrx_word' id='word_1_188' title='bbox 468 2694 522 2755; x_wconf 93' lang='lat' dir='ltr'>hac</span> <span class='ocrx_word' id='word_1_189' title='bbox 543 2694 575 2754; x_wconf 94' lang='lat' dir='ltr'>in</span> <span class='ocrx_word' id='word_1_190' title='bbox 598 2713 630 2753; x_wconf 93' lang='lat' dir='ltr'>re</span> <span class='ocrx_word' id='word_1_191' title='bbox 653 2694 841 2772; x_wconf 88' lang='lat' dir='ltr'>acquiescere</span> <span class='ocrx_word' id='word_1_192' title='bbox 857 2712 912 2754; x_wconf 92' lang='lat' dir='ltr'>nos</span> <span class='ocrx_word' id='word_1_193' title='bbox 928 2700 1054 2772; x_wconf 87' lang='lat' dir='ltr'>oportet,</span> <span class='ocrx_word' id='word_1_194' title='bbox 1073 2712 1141 2755; x_wconf 88' lang='lat' dir='ltr'>cum</span> <span class='ocrx_word' id='word_1_195' title='bbox 1157 2712 1293 2773; x_wconf 86' lang='lat' dir='ltr'>praeser-</span> 
     </span>
     <span class='ocr_line' id='line_1_25' title="bbox 149 2791 1293 2863; baseline -0.002 -10"><span class='ocrx_word' id='word_1_196' title='bbox 149 2794 202 2853; x_wconf 87' lang='lat' dir='ltr'>tim</span> <span class='ocrx_word' id='word_1_197' title='bbox 230 2793 403 2855; x_wconf 81' lang='lat' dir='ltr'>Ambrosius</span> <span class='ocrx_word' id='word_1_198' title='bbox 426 2791 485 2852; x_wconf 85' lang='lat' dir='ltr'>Leo</span> <span class='ocrx_word' id='word_1_199' title='bbox 508 2792 653 2863; x_wconf 86' lang='lat' dir='ltr'>Nolanus,</span> <span class='ocrx_word' id='word_1_200' title='bbox 687 2792 770 2853; x_wconf 88' lang='lat' dir='ltr'>cuius</span> <span class='ocrx_word' id='word_1_201' title='bbox 803 2811 904 2854; x_wconf 91' lang='lat' dir='ltr'>rerum</span> <span class='ocrx_word' id='word_1_202' title='bbox 934 2792 1038 2854; x_wconf 88' lang='lat' dir='ltr'>Nolan.</span> <span class='ocrx_word' id='word_1_203' title='bbox 1066 2792 1140 2853; x_wconf 91' lang='lat' dir='ltr'>liber</span> <span class='ocrx_word' id='word_1_204' title='bbox 1170 2811 1186 2853; x_wconf 93' lang='lat' dir='ltr'>a</span> <span class='ocrx_word' id='word_1_205' title='bbox 1212 2793 1293 2854; x_wconf 84' lang='lat'>1517</span> 
     </span>
    </p>
   </div>
   <div class='ocr_carea' id='block_1_6' title="bbox 87 2980 1310 4422">
    <p class='ocr_par' dir='ltr' id='par_1_8' title="bbox 149 2980 1292 3116">
     <span class='ocr_line' id='line_1_26' title="bbox 149 2980 1292 3049; baseline -0.003 -15"><span class='ocrx_word' id='word_1_206' title='bbox 149 2983 315 3034; x_wconf 86' lang='lat' dir='ltr'>continentur</span> <span class='ocrx_word' id='word_1_207' title='bbox 344 2983 421 3033; x_wconf 88' lang='lat' dir='ltr'>etiam</span> <span class='ocrx_word' id='word_1_208' title='bbox 448 2983 495 3032; x_wconf 90' lang='lat' dir='ltr'>boc</span> <span class='ocrx_word' id='word_1_209' title='bbox 523 2988 563 3031; x_wconf 88' lang='lat' dir='ltr'>est</span> <span class='ocrx_word' id='word_1_210' title='bbox 589 2980 713 3044; x_wconf 80' lang='lat' dir='ltr'>ingeniosi</span> <span class='ocrx_word' id='word_1_211' title='bbox 740 2981 793 3032; x_wconf 87' lang='lat' dir='ltr'>viri</span> <span class='ocrx_word' id='word_1_212' title='bbox 816 2981 942 3049; x_wconf 86' lang='lat' dir='ltr'>opinatio,</span> <span class='ocrx_word' id='word_1_213' title='bbox 970 2997 1033 3046; x_wconf 83' lang='lat' dir='ltr'>quae</span> <span class='ocrx_word' id='word_1_214' title='bbox 1056 2981 1125 3031; x_wconf 90' lang='lat' dir='ltr'>nullo</span> <span class='ocrx_word' id='word_1_215' title='bbox 1145 2987 1292 3044; x_wconf 77' lang='lat' dir='ltr'>argumento</span> 
     </span>
     <span class='ocr_line' id='line_1_27' title="bbox 149 3067 272 3116; baseline -0.024 0"><span class='ocrx_word' id='word_1_216' title='bbox 149 3067 272 3116; x_wconf 86' lang='lat' dir='ltr'>firmatur.</span> 
     </span>
    </p>

    <p class='ocr_par' dir='ltr' id='par_1_9' title="bbox 87 3141 1310 4108">
     <span class='ocr_line' id='line_1_28' title="bbox 216 3141 1294 3209; baseline -0.001 -14"><span class='ocrx_word' id='word_1_217' title='bbox 216 3147 251 3209; x_wconf 73' lang='lat'>⁴⁵)</span> <span class='ocrx_word' id='word_1_218' title='bbox 270 3145 321 3196; x_wconf 86' lang='lat' dir='ltr'>Cic.</span> <span class='ocrx_word' id='word_1_219' title='bbox 341 3145 365 3194; x_wconf 91' lang='lat' dir='ltr'>d.</span> <span class='ocrx_word' id='word_1_220' title='bbox 383 3145 432 3208; x_wconf 78' lang='lat' dir='ltr'>leg.</span> <span class='ocrx_word' id='word_1_221' title='bbox 450 3159 504 3206; x_wconf 79' lang='lat' dir='ltr'>agr.</span> <span class='ocrx_word' id='word_1_222' title='bbox 524 3141 544 3193; x_wconf 97' lang='lat' dir='ltr'>ll</span> <span class='ocrx_word' id='word_1_223' title='bbox 564 3144 608 3194; x_wconf 85' lang='lat'>32:</span> <span class='ocrx_word' id='word_1_224' title='bbox 634 3151 695 3195; x_wconf 91' lang='lat' dir='ltr'>tuuc</span> <span class='ocrx_word' id='word_1_225' title='bbox 723 3151 812 3194; x_wconf 89' lang='lat' dir='ltr'>contra</span> <span class='ocrx_word' id='word_1_226' title='bbox 838 3145 902 3195; x_wconf 88' lang='lat' dir='ltr'>banc</span> <span class='ocrx_word' id='word_1_227' title='bbox 928 3144 1043 3209; x_wconf 81' lang='lat' dir='ltr'>Romam,</span> <span class='ocrx_word' id='word_1_228' title='bbox 1070 3159 1224 3195; x_wconf 86' lang='lat' dir='ltr'>communem</span> <span class='ocrx_word' id='word_1_229' title='bbox 1250 3159 1294 3209; x_wconf 85' lang='lat' dir='ltr'>pa-</span> 
     </span>
     <span class='ocr_line' id='line_1_29' title="bbox 146 3224 1293 3292; baseline -0.005 -13"><span class='ocrx_word' id='word_1_230' title='bbox 146 3229 224 3279; x_wconf 88' lang='lat' dir='ltr'>trium</span> <span class='ocrx_word' id='word_1_231' title='bbox 251 3228 359 3278; x_wconf 87' lang='lat' dir='ltr'>omnium</span> <span class='ocrx_word' id='word_1_232' title='bbox 386 3233 515 3290; x_wconf 84' lang='lat' dir='ltr'>uestrum,</span> <span class='ocrx_word' id='word_1_233' title='bbox 542 3227 588 3276; x_wconf 89' lang='lat' dir='ltr'>illa</span> <span class='ocrx_word' id='word_1_234' title='bbox 611 3228 694 3276; x_wconf 89' lang='lat' dir='ltr'>altera</span> <span class='ocrx_word' id='word_1_235' title='bbox 713 3226 788 3276; x_wconf 82' lang='lat' dir='ltr'>Roma</span> <span class='ocrx_word' id='word_1_236' title='bbox 817 3234 968 3292; x_wconf 75' lang='lat' dir='ltr'>quaeretur-5</span> <span class='ocrx_word' id='word_1_237' title='bbox 995 3225 1103 3292; x_wconf 90' lang='lat' dir='ltr'>Philipp.</span> <span class='ocrx_word' id='word_1_238' title='bbox 1127 3233 1192 3276; x_wconf 92' lang='lat' dir='ltr'>orat.</span> <span class='ocrx_word' id='word_1_239' title='bbox 1211 3224 1293 3275; x_wconf 80' lang='lat' dir='ltr'>xus</span> 
     </span>
     <span class='ocr_line' id='line_1_30' title="bbox 147 3307 1293 3376; baseline -0.001 -17"><span class='ocrx_word' id='word_1_240' title='bbox 147 3309 191 3374; x_wconf 78' lang='lat'>§7</span> <span class='ocrx_word' id='word_1_241' title='bbox 210 3325 281 3376; x_wconf 86' lang='lat' dir='ltr'>quem</span> <span class='ocrx_word' id='word_1_242' title='bbox 300 3312 331 3360; x_wconf 96' lang='lat' dir='ltr'>ad</span> <span class='ocrx_word' id='word_1_243' title='bbox 349 3310 447 3360; x_wconf 88' lang='lat' dir='ltr'>modum</span> <span class='ocrx_word' id='word_1_244' title='bbox 466 3317 580 3358; x_wconf 87' lang='lat' dir='ltr'>nostrum</span> <span class='ocrx_word' id='word_1_245' title='bbox 597 3309 645 3360; x_wconf 91' lang='lat' dir='ltr'>hoc</span> <span class='ocrx_word' id='word_1_246' title='bbox 663 3310 798 3359; x_wconf 90' lang='lat' dir='ltr'>consilium</span> <span class='ocrx_word' id='word_1_247' title='bbox 811 3311 894 3374; x_wconf 85' lang='lat' dir='ltr'>Cupuu</span> <span class='ocrx_word' id='word_1_248' title='bbox 912 3308 1038 3375; x_wconf 86' lang='lat' dir='ltr'>probabit,</span> <span class='ocrx_word' id='word_1_249' title='bbox 1057 3323 1119 3372; x_wconf 84' lang='lat' dir='ltr'>quac</span> <span class='ocrx_word' id='word_1_250' title='bbox 1138 3307 1293 3372; x_wconf 85' lang='lat' dir='ltr'>temporibus</span> 
     </span>
     <span class='ocr_line' id='line_1_31' title="bbox 146 3388 1293 3454; baseline -0.001 -13"><span class='ocrx_word' id='word_1_251' title='bbox 146 3391 188 3442; x_wconf 85' lang='lat' dir='ltr'>luis</span> <span class='ocrx_word' id='word_1_252' title='bbox 211 3391 288 3440; x_wconf 85' lang='lat' dir='ltr'>Roma</span> <span class='ocrx_word' id='word_1_253' title='bbox 315 3393 397 3441; x_wconf 85' lang='lat' dir='ltr'>altera</span> <span class='ocrx_word' id='word_1_254' title='bbox 421 3397 472 3452; x_wconf 82' lang='lat' dir='ltr'>est3</span> <span class='ocrx_word' id='word_1_255' title='bbox 499 3391 530 3440; x_wconf 88' lang='lat' dir='ltr'>de</span> <span class='ocrx_word' id='word_1_256' title='bbox 554 3391 602 3453; x_wconf 81' lang='lat' dir='ltr'>leg.</span> <span class='ocrx_word' id='word_1_257' title='bbox 621 3406 675 3454; x_wconf 81' lang='lat' dir='ltr'>agr.</span> <span class='ocrx_word' id='word_1_258' title='bbox 696 3389 766 3440; x_wconf 77' lang='lat'>1134</span> <span class='ocrx_word' id='word_1_259' title='bbox 790 3390 879 3441; x_wconf 87' lang='lat' dir='ltr'>Cicero</span> <span class='ocrx_word' id='word_1_260' title='bbox 903 3390 933 3439; x_wconf 86' lang='lat' dir='ltr'>de</span> <span class='ocrx_word' id='word_1_261' title='bbox 956 3389 1055 3440; x_wconf 88' lang='lat' dir='ltr'>colonia</span> <span class='ocrx_word' id='word_1_262' title='bbox 1078 3405 1100 3439; x_wconf 93' lang='lat' dir='ltr'>a.</span> <span class='ocrx_word' id='word_1_263' title='bbox 1120 3388 1148 3438; x_wconf 85' lang='lat' dir='ltr'>L.</span> <span class='ocrx_word' id='word_1_264' title='bbox 1171 3388 1293 3440; x_wconf 86' lang='lat' dir='ltr'>Considio</span> 
     </span>
     <span class='ocr_line' id='line_1_32' title="bbox 147 3469 1294 3538; baseline -0.003 -15"><span class='ocrx_word' id='word_1_265' title='bbox 147 3479 175 3523; x_wconf 84' lang='lat' dir='ltr'>ct</span> <span class='ocrx_word' id='word_1_266' title='bbox 192 3473 251 3523; x_wconf 86' lang='lat' dir='ltr'>Sex.</span> <span class='ocrx_word' id='word_1_267' title='bbox 270 3473 350 3524; x_wconf 88' lang='lat' dir='ltr'>Saltio</span> <span class='ocrx_word' id='word_1_268' title='bbox 370 3473 478 3537; x_wconf 84' lang='lat' dir='ltr'>Capuam</span> <span class='ocrx_word' id='word_1_269' title='bbox 503 3471 610 3522; x_wconf 86' lang='lat' dir='ltr'>deducta</span> <span class='ocrx_word' id='word_1_270' title='bbox 628 3473 673 3522; x_wconf 91' lang='lat' dir='ltr'>sed</span> <span class='ocrx_word' id='word_1_271' title='bbox 691 3487 756 3522; x_wconf 88' lang='lat' dir='ltr'>anuo</span> <span class='ocrx_word' id='word_1_272' title='bbox 782 3479 841 3538; x_wconf 89' lang='lat' dir='ltr'>post</span> <span class='ocrx_word' id='word_1_273' title='bbox 865 3472 965 3522; x_wconf 88' lang='lat' dir='ltr'>sublatu</span> <span class='ocrx_word' id='word_1_274' title='bbox 990 3471 1119 3522; x_wconf 86' lang='lat' dir='ltr'>disserens</span> <span class='ocrx_word' id='word_1_275' title='bbox 1146 3469 1294 3520; x_wconf 86' lang='lat' dir='ltr'>colonorum</span> 
     </span>
     <span class='ocr_line' id='line_1_33' title="bbox 147 3551 1293 3619; baseline -0.002 -15"><span class='ocrx_word' id='word_1_276' title='bbox 147 3554 289 3619; x_wconf 85' lang='lat' dir='ltr'>superbiam</span> <span class='ocrx_word' id='word_1_277' title='bbox 308 3555 345 3604; x_wconf 90' lang='lat' dir='ltr'>ita</span> <span class='ocrx_word' id='word_1_278' title='bbox 363 3553 498 3604; x_wconf 88' lang='lat' dir='ltr'>describit:</span> <span class='ocrx_word' id='word_1_279' title='bbox 518 3569 573 3603; x_wconf 89' lang='lat' dir='ltr'>cum</span> <span class='ocrx_word' id='word_1_280' title='bbox 592 3554 686 3605; x_wconf 88' lang='lat' dir='ltr'>ceteris</span> <span class='ocrx_word' id='word_1_281' title='bbox 705 3555 731 3602; x_wconf 93' lang='lat' dir='ltr'>iu</span> <span class='ocrx_word' id='word_1_282' title='bbox 750 3554 859 3604; x_wconf 91' lang='lat' dir='ltr'>coloniis</span> <span class='ocrx_word' id='word_1_283' title='bbox 878 3553 1007 3605; x_wconf 87' lang='lat' dir='ltr'>duumviri</span> <span class='ocrx_word' id='word_1_284' title='bbox 1025 3552 1203 3619; x_wconf 83' lang='lat' dir='ltr'>appellentur,</span> <span class='ocrx_word' id='word_1_285' title='bbox 1220 3551 1247 3602; x_wconf 91' lang='lat' dir='ltr'>hi</span> <span class='ocrx_word' id='word_1_286' title='bbox 1265 3567 1293 3602; x_wconf 87' lang='lat' dir='ltr'>se</span> 
     </span>
     <span class='ocr_line' id='line_1_34' title="bbox 147 3633 1294 3701; baseline -0.002 -17"><span class='ocrx_word' id='word_1_287' title='bbox 147 3642 280 3700; x_wconf 83' lang='lat' dir='ltr'>praetores</span> <span class='ocrx_word' id='word_1_288' title='bbox 307 3634 433 3701; x_wconf 87' lang='lat' dir='ltr'>appellari</span> <span class='ocrx_word' id='word_1_289' title='bbox 455 3634 582 3686; x_wconf 88' lang='lat' dir='ltr'>volebant.</span> <span class='ocrx_word' id='word_1_290' title='bbox 619 3633 714 3698; x_wconf 81' lang='lat' dir='ltr'>Quibus</span> <span class='ocrx_word' id='word_1_291' title='bbox 738 3635 835 3699; x_wconf 89' lang='lat' dir='ltr'>primus</span> <span class='ocrx_word' id='word_1_292' title='bbox 858 3650 938 3684; x_wconf 90' lang='lat' dir='ltr'>annus</span> <span class='ocrx_word' id='word_1_293' title='bbox 957 3635 1021 3685; x_wconf 88' lang='lat' dir='ltr'>hauc</span> <span class='ocrx_word' id='word_1_294' title='bbox 1039 3634 1206 3700; x_wconf 68' lang='lat' dir='ltr'>cupiditatem</span> <span class='ocrx_word' id='word_1_295' title='bbox 1224 3639 1294 3683; x_wconf 88' lang='lat' dir='ltr'>attu-</span> 
     </span>
     <span class='ocr_line' id='line_1_35' title="bbox 146 3713 1291 3782; baseline -0.003 -16"><span class='ocrx_word' id='word_1_296' title='bbox 146 3716 236 3780; x_wconf 83' lang='lat' dir='ltr'>lisset,</span> <span class='ocrx_word' id='word_1_297' title='bbox 264 3731 346 3766; x_wconf 84' lang='lat' dir='ltr'>nocue</span> <span class='ocrx_word' id='word_1_298' title='bbox 369 3717 531 3768; x_wconf 83' lang='lat' dir='ltr'>arbitramini</span> <span class='ocrx_word' id='word_1_299' title='bbox 553 3716 642 3782; x_wconf 87' lang='lat' dir='ltr'>paucis</span> <span class='ocrx_word' id='word_1_300' title='bbox 669 3715 743 3765; x_wconf 88' lang='lat' dir='ltr'>anuis</span> <span class='ocrx_word' id='word_1_301' title='bbox 761 3713 841 3765; x_wconf 86' lang='lat' dir='ltr'>luisse</span> <span class='ocrx_word' id='word_1_302' title='bbox 860 3715 991 3766; x_wconf 88' lang='lat' dir='ltr'>consulum</span> <span class='ocrx_word' id='word_1_303' title='bbox 1009 3730 1098 3766; x_wconf 86' lang='lat' dir='ltr'>nomeu</span> <span class='ocrx_word' id='word_1_304' title='bbox 1116 3715 1291 3781; x_wconf 71' lang='lat' dir='ltr'>appetituros?</span> 
     </span>
     <span class='ocr_line' id='line_1_36' title="bbox 147 3795 1294 3862; baseline -0.003 -16"><span class='ocrx_word' id='word_1_305' title='bbox 147 3796 245 3848; x_wconf 86' lang='lat' dir='ltr'>Deinde</span> <span class='ocrx_word' id='word_1_306' title='bbox 262 3799 393 3848; x_wconf 88' lang='lat' dir='ltr'>anteibunt</span> <span class='ocrx_word' id='word_1_307' title='bbox 410 3798 526 3862; x_wconf 85' lang='lat' dir='ltr'>lictores,</span> <span class='ocrx_word' id='word_1_308' title='bbox 545 3813 594 3846; x_wconf 90' lang='lat' dir='ltr'>nou</span> <span class='ocrx_word' id='word_1_309' title='bbox 615 3811 670 3846; x_wconf 89' lang='lat' dir='ltr'>cuur</span> <span class='ocrx_word' id='word_1_310' title='bbox 689 3796 789 3860; x_wconf 91' lang='lat' dir='ltr'>bacillis</span> <span class='ocrx_word' id='word_1_311' title='bbox 808 3797 852 3847; x_wconf 87' lang='lat' dir='ltr'>sed</span> <span class='ocrx_word' id='word_1_312' title='bbox 870 3803 900 3846; x_wconf 89' lang='lat' dir='ltr'>ut</span> <span class='ocrx_word' id='word_1_313' title='bbox 917 3795 959 3846; x_wconf 88' lang='lat' dir='ltr'>bic</span> <span class='ocrx_word' id='word_1_314' title='bbox 976 3796 1139 3862; x_wconf 85' lang='lat' dir='ltr'>praetoribus</span> <span class='ocrx_word' id='word_1_315' title='bbox 1163 3800 1294 3858; x_wconf 79' lang='lat' dir='ltr'>anteeant,</span> 
     </span>
     <span class='ocr_line' id='line_1_37' title="bbox 147 3875 1292 3930; baseline -0.001 -3"><span class='ocrx_word' id='word_1_316' title='bbox 147 3894 203 3928; x_wconf 88' lang='lat' dir='ltr'>cum</span> <span class='ocrx_word' id='word_1_317' title='bbox 222 3877 332 3929; x_wconf 85' lang='lat' dir='ltr'>fascibus</span> <span class='ocrx_word' id='word_1_318' title='bbox 351 3879 456 3930; x_wconf 92' lang='lat' dir='ltr'>duobus.</span> <span class='ocrx_word' id='word_1_319' title='bbox 492 3877 572 3928; x_wconf 84' lang='lat' dir='ltr'>Erunt</span> <span class='ocrx_word' id='word_1_320' title='bbox 589 3877 689 3928; x_wconf 87' lang='lat' dir='ltr'>hostiae</span> <span class='ocrx_word' id='word_1_321' title='bbox 707 3878 817 3928; x_wconf 86' lang='lat' dir='ltr'>maiores</span> <span class='ocrx_word' id='word_1_322' title='bbox 835 3878 862 3928; x_wconf 85' lang='lat' dir='ltr'>iu</span> <span class='ocrx_word' id='word_1_323' title='bbox 884 3875 941 3928; x_wconf 85' lang='lat' dir='ltr'>loro</span> <span class='ocrx_word' id='word_1_324' title='bbox 965 3878 1180 3930; x_wconf 85' lang='lat' dir='ltr'>constitutae...</span> <span class='ocrx_word' id='word_1_325' title='bbox 1201 3875 1292 3927; x_wconf 81' lang='lat' dir='ltr'>deinde</span> 
     </span>
     <span class='ocr_line' id='line_1_38' title="bbox 87 3956 1294 4025; baseline -0.001 -17"><span class='ocrx_word' id='word_1_326' title='bbox 87 3975 90 3980; x_wconf 94' lang='lat'>·</span> <span class='ocrx_word' id='word_1_327' title='bbox 147 3965 233 4024; x_wconf 88' lang='lat' dir='ltr'>patres</span> <span class='ocrx_word' id='word_1_328' title='bbox 252 3960 391 4024; x_wconf 84' lang='lat' dir='ltr'>conscripti</span> <span class='ocrx_word' id='word_1_329' title='bbox 410 3958 582 4020; x_wconf 78' lang='lat' dir='ltr'>vocabantur3</span> <span class='ocrx_word' id='word_1_330' title='bbox 601 3956 633 4008; x_wconf 86' lang='lat' dir='ltr'>cl.</span> <span class='ocrx_word' id='word_1_331' title='bbox 653 3958 749 4009; x_wconf 84' lang='lat' dir='ltr'>Auson.</span> <span class='ocrx_word' id='word_1_332' title='bbox 770 3960 800 4010; x_wconf 87' lang='lat' dir='ltr'>do</span> <span class='ocrx_word' id='word_1_333' title='bbox 819 3959 882 4010; x_wconf 87' lang='lat' dir='ltr'>elur.</span> <span class='ocrx_word' id='word_1_334' title='bbox 900 3959 959 4010; x_wconf 83' lang='lat' dir='ltr'>urb:</span> <span class='ocrx_word' id='word_1_335' title='bbox 978 3958 1025 4010; x_wconf 84' lang='lat' dir='ltr'>illa</span> <span class='ocrx_word' id='word_1_336' title='bbox 1043 3966 1133 4025; x_wconf 88' lang='lat' dir='ltr'>potens</span> <span class='ocrx_word' id='word_1_337' title='bbox 1156 3957 1294 4025; x_wconf 88' lang='lat' dir='ltr'>opibusque</span> 
     </span>
     <span class='ocr_line' id='line_1_39' title="bbox 146 4040 1310 4108; baseline -0.001 -18"><span class='ocrx_word' id='word_1_338' title='bbox 146 4041 237 4091; x_wconf 84' lang='lat' dir='ltr'>valeus</span> <span class='ocrx_word' id='word_1_339' title='bbox 255 4040 333 4091; x_wconf 87' lang='lat' dir='ltr'>lloma</span> <span class='ocrx_word' id='word_1_340' title='bbox 351 4041 433 4092; x_wconf 80' lang='lat' dir='ltr'>altera</span> <span class='ocrx_word' id='word_1_341' title='bbox 452 4041 582 4108; x_wconf 85' lang='lat' dir='ltr'>quondam.</span> <span class='ocrx_word' id='word_1_342' title='bbox 1308 4105 1310 4107; x_wconf 21' lang='grc' dir='ltr'>Ι</span> 
     </span>
    </p>

    <p class='ocr_par' dir='ltr' id='par_1_10' title="bbox 147 4118 1289 4270">
     <span class='ocr_line' id='line_1_40' title="bbox 215 4118 1289 4188; baseline -0.001 -15"><span class='ocrx_word' id='word_1_343' title='bbox 215 4121 247 4184; x_wconf 73' lang='lat'>⁴⁶)</span> <span class='ocrx_word' id='word_1_344' title='bbox 266 4123 370 4173; x_wconf 81' lang='lat' dir='ltr'>Aetas.</span> <span class='ocrx_word' id='word_1_345' title='bbox 389 4121 494 4188; x_wconf 78' lang='lat' dir='ltr'>Felicis,</span> <span class='ocrx_word' id='word_1_346' title='bbox 512 4119 669 4172; x_wconf 81' lang='lat' dir='ltr'>confessoris</span> <span class='ocrx_word' id='word_1_347' title='bbox 687 4120 832 4188; x_wconf 82' lang='lat' dir='ltr'>presbytori</span> <span class='ocrx_word' id='word_1_348' title='bbox 849 4119 957 4183; x_wconf 84' lang='lat' dir='ltr'>Nolani,</span> <span class='ocrx_word' id='word_1_349' title='bbox 974 4134 1013 4185; x_wconf 89' lang='lat' dir='ltr'>ap.</span> <span class='ocrx_word' id='word_1_350' title='bbox 1032 4119 1147 4171; x_wconf 85' lang='lat' dir='ltr'>Bollaud.</span> <span class='ocrx_word' id='word_1_351' title='bbox 1159 4118 1225 4172; x_wconf 85' lang='lat' dir='ltr'>XlX</span> <span class='ocrx_word' id='word_1_352' title='bbox 1236 4119 1289 4172; x_wconf 80' lang='lat' dir='ltr'>kal.</span> 
     </span>
     <span class='ocr_line' id='line_1_41' title="bbox 147 4201 717 4270; baseline -0.004 -16"><span class='ocrx_word' id='word_1_353' title='bbox 147 4202 224 4254; x_wconf 80' lang='lat' dir='ltr'>Febr.</span> <span class='ocrx_word' id='word_1_354' title='bbox 242 4201 333 4268; x_wconf 88' lang='lat' dir='ltr'>(meus.</span> <span class='ocrx_word' id='word_1_355' title='bbox 352 4201 403 4252; x_wconf 91' lang='lat' dir='ltr'>lau.</span> <span class='ocrx_word' id='word_1_356' title='bbox 422 4210 474 4254; x_wconf 84' lang='lat' dir='ltr'>toln</span> <span class='ocrx_word' id='word_1_357' title='bbox 490 4201 519 4270; x_wconf 86' lang='lat'>11,</span> <span class='ocrx_word' id='word_1_358' title='bbox 539 4220 562 4270; x_wconf 89' lang='lat' dir='ltr'>p.</span> <span class='ocrx_word' id='word_1_359' title='bbox 581 4202 630 4255; x_wconf 84' lang='lat'>219</span> <span class='ocrx_word' id='word_1_360' title='bbox 644 4201 717 4268; x_wconf 84' lang='lat' dir='ltr'>sqq).</span> 
     </span>
    </p>

    <p class='ocr_par' dir='ltr' id='par_1_11' title="bbox 215 4282 505 4352">
     <span class='ocr_line' id='line_1_42' title="bbox 215 4282 505 4352; baseline 0.007 -18"><span class='ocrx_word' id='word_1_361' title='bbox 215 4283 248 4352; x_wconf 62' lang='lat'>⁴³)</span> <span class='ocrx_word' id='word_1_362' title='bbox 265 4283 326 4334; x_wconf 90' lang='lat' dir='ltr'>ibid.</span> <span class='ocrx_word' id='word_1_363' title='bbox 346 4299 370 4348; x_wconf 89' lang='lat' dir='ltr'>p.</span> <span class='ocrx_word' id='word_1_364' title='bbox 390 4282 439 4332; x_wconf 81' lang='lat'>2³2</span> <span class='ocrx_word' id='word_1_365' title='bbox 452 4300 505 4351; x_wconf 86' lang='lat' dir='ltr'>sqq.</span> 
     </span>
    </p>

    <p class='ocr_par' dir='ltr' id='par_1_12' title="bbox 1096 4366 1129 4422">
     <span class='ocr_line' id='line_1_43' title="bbox 1096 4366 1129 4422; baseline 0 -21"><span class='ocrx_word' id='word_1_366' title='bbox 1096 4366 1129 4422; x_wconf 67' lang='lat'>2*</span> 
     </span>
    </p>
   </div>
   <div class='ocr_carea' id='block_1_7' title="bbox 0 0 1565 5110">
    <p class='ocr_par' dir='ltr' id='par_1_13' title="bbox 0 0 1565 5110">
     <span class='ocr_line' id='line_1_44' title="bbox 0 0 1565 5110; baseline 0 0"><span class='ocrx_word' id='word_1_367' title='bbox 0 0 1565 5110; x_wconf 95' lang='lat' dir='ltr'> </span> 
     </span>
    </p>
   </div>
  </div>
 </body>
</html>
