<?xml version="1.0" encoding="UTF-8"?>
<!DOCTYPE html PUBLIC "-//W3C//DTD XHTML 1.0 Transitional//EN"
    "http://www.w3.org/TR/xhtml1/DTD/xhtml1-transitional.dtd">
<html xmlns="http://www.w3.org/1999/xhtml" xml:lang="en" lang="en">
 <head>
  <title>
</title>
<meta http-equiv="Content-Type" content="text/html;charset=utf-8" />
  <meta name='ocr-system' content='tesseract 3.04.00' />
  <meta name='ocr-capabilities' content='ocr_page ocr_carea ocr_par ocr_line ocrx_word'/>
</head>
<body>
  <div class='ocr_page' id='page_1' title='image "./decapitoliisimp01kuhfgoog_0033.png"; bbox 0 0 3086 5110; ppageno 0'>
   <div class='ocr_carea' id='block_1_1' title="bbox 702 377 915 438">
    <p class='ocr_par' dir='ltr' id='par_1_1' title="bbox 702 377 915 438">
     <span class='ocr_line' id='line_1_1' title="bbox 702 377 915 438; baseline 0.009 -18"><span class='ocrx_word' id='word_1_1' title='bbox 702 377 915 438; x_wconf 66' lang='grc'>,24-</span> 
     </span>
    </p>
   </div>
   <div class='ocr_carea' id='block_1_2' title="bbox 535 626 1077 706">
    <p class='ocr_par' dir='ltr' id='par_1_2' title="bbox 535 626 1077 706">
     <span class='ocr_line' id='line_1_2' title="bbox 535 626 1077 706; baseline 0.006 -20"><span class='ocrx_word' id='word_1_2' title='bbox 535 629 714 686; x_wconf 83' lang='lat' dir='ltr'><strong>lltsloutnm</strong></span> <span class='ocrx_word' id='word_1_3' title='bbox 738 627 774 698; x_wconf 94' lang='grc'><strong>(11</strong></span> <span class='ocrx_word' id='word_1_4' title='bbox 796 627 884 688; x_wconf 87' lang='lat' dir='ltr'><strong>Vasto</strong></span> <span class='ocrx_word' id='word_1_5' title='bbox 901 626 1077 706; x_wconf 77' lang='lat' dir='ltr'><strong>d’bimone).</strong></span> 
     </span>
    </p>
   </div>
   <div class='ocr_carea' id='block_1_3' title="bbox 235 749 1383 1031">
    <p class='ocr_par' dir='ltr' id='par_1_3' title="bbox 235 749 1383 1031">
     <span class='ocr_line' id='line_1_3' title="bbox 320 749 1382 832; baseline 0.004 -22"><span class='ocrx_word' id='word_1_6' title='bbox 320 749 382 811; x_wconf 88' lang='lat' dir='ltr'><strong>Sub</strong></span> <span class='ocrx_word' id='word_1_7' title='bbox 414 749 543 810; x_wconf 92' lang='lat' dir='ltr'><strong>medium</strong></span> <span class='ocrx_word' id='word_1_8' title='bbox 572 752 633 811; x_wconf 87' lang='lat' dir='ltr'><strong>lere</strong></span> <span class='ocrx_word' id='word_1_9' title='bbox 661 753 810 812; x_wconf 86' lang='lat' dir='ltr'><strong>saeculum</strong></span> <span class='ocrx_word' id='word_1_10' title='bbox 834 761 973 831; x_wconf 90' lang='lat' dir='ltr'><strong>quartum</strong></span> <span class='ocrx_word' id='word_1_11' title='bbox 1004 752 1179 832; x_wconf 84' lang='lat' dir='ltr'><strong>Capitolium</strong></span> <span class='ocrx_word' id='word_1_12' title='bbox 1209 753 1382 814; x_wconf 88' lang='lat' dir='ltr'><strong>restitutum</strong></span> 
     </span>
     <span class='ocr_line' id='line_1_4' title="bbox 235 849 1383 930; baseline 0.001 -21"><span class='ocrx_word' id='word_1_13' title='bbox 235 869 299 910; x_wconf 90' lang='lat' dir='ltr'><strong>essc</strong></span> <span class='ocrx_word' id='word_1_14' title='bbox 315 870 330 910; x_wconf 91' lang='lat' dir='ltr'><strong>a</strong></span> <span class='ocrx_word' id='word_1_15' title='bbox 345 849 433 910; x_wconf 83' lang='lat' dir='ltr'><strong>Fabio</strong></span> <span class='ocrx_word' id='word_1_16' title='bbox 446 849 578 920; x_wconf 80' lang='lat' dir='ltr'><strong>Maximo.</strong></span> <span class='ocrx_word' id='word_1_17' title='bbox 596 851 764 930; x_wconf 89' lang='lat' dir='ltr'><strong>provinciae</strong></span> <span class='ocrx_word' id='word_1_18' title='bbox 780 852 892 912; x_wconf 90' lang='lat' dir='ltr'><strong>Samnii</strong></span> <span class='ocrx_word' id='word_1_19' title='bbox 909 862 1032 924; x_wconf 80' lang='lat' dir='ltr'><strong>rectore,</strong></span> <span class='ocrx_word' id='word_1_20' title='bbox 1051 851 1152 911; x_wconf 91' lang='lat' dir='ltr'><strong>titulus</strong></span> <span class='ocrx_word' id='word_1_21' title='bbox 1169 851 1383 912; x_wconf 79' lang='grc' dir='ltr'><strong>1.11.Ν.5242</strong></span> 
     </span>
     <span class='ocr_line' id='line_1_5' title="bbox 235 949 1383 1031; baseline 0.003 -23"><span class='ocrx_word' id='word_1_22' title='bbox 235 949 418 1022; x_wconf 74' lang='lat' dir='ltr'><strong>testatur⁷⁰l.</strong></span> <span class='ocrx_word' id='word_1_23' title='bbox 483 949 551 1010; x_wconf 84' lang='lat' dir='ltr'><strong>Fuit</strong></span> <span class='ocrx_word' id='word_1_24' title='bbox 585 956 682 1010; x_wconf 84' lang='lat' dir='ltr'><strong>autem</strong></span> <span class='ocrx_word' id='word_1_25' title='bbox 715 951 884 1010; x_wconf 77' lang='lat' dir='ltr'>Histonium</span> <span class='ocrx_word' id='word_1_26' title='bbox 913 951 1128 1011; x_wconf 79' lang='lat' dir='ltr'><strong>Frentanorum</strong></span> <span class='ocrx_word' id='word_1_27' title='bbox 1163 961 1252 1030; x_wconf 87' lang='lat' dir='ltr'><strong>caput</strong></span> <span class='ocrx_word' id='word_1_28' title='bbox 1286 971 1383 1031; x_wconf 91' lang='lat' dir='ltr'><strong>neque</strong></span> 
     </span>
    </p>
   </div>
   <div class='ocr_carea' id='block_1_4' title="bbox 235 1047 1384 1326">
    <p class='ocr_par' dir='ltr' id='par_1_4' title="bbox 235 1047 1384 1326">
     <span class='ocr_line' id='line_1_6' title="bbox 236 1047 1384 1130; baseline 0.004 -25"><span class='ocrx_word' id='word_1_29' title='bbox 236 1067 303 1108; x_wconf 85' lang='lat' dir='ltr'><strong>uero</strong></span> <span class='ocrx_word' id='word_1_30' title='bbox 327 1067 507 1128; x_wconf 86' lang='lat' dir='ltr'><strong>quamquam</strong></span> <span class='ocrx_word' id='word_1_31' title='bbox 531 1047 582 1108; x_wconf 90' lang='lat' dir='ltr'><strong>lib.</strong></span> <span class='ocrx_word' id='word_1_32' title='bbox 607 1049 660 1108; x_wconf 89' lang='lat' dir='ltr'><strong>col.</strong></span> <span class='ocrx_word' id='word_1_33' title='bbox 684 1069 711 1128; x_wconf 94' lang='lat' dir='ltr'><strong>p.</strong></span> <span class='ocrx_word' id='word_1_34' title='bbox 730 1049 791 1110; x_wconf 85' lang='grc'><strong>260</strong></span> <span class='ocrx_word' id='word_1_35' title='bbox 814 1051 927 1110; x_wconf 88' lang='lat' dir='ltr'><strong>colonia</strong></span> <span class='ocrx_word' id='word_1_36' title='bbox 958 1051 1121 1130; x_wconf 86' lang='lat' dir='ltr'><strong>appellatur</strong></span> <span class='ocrx_word' id='word_1_37' title='bbox 1144 1070 1175 1110; x_wconf 89' lang='lat' dir='ltr'><strong>ea</strong></span> <span class='ocrx_word' id='word_1_38' title='bbox 1206 1051 1384 1111; x_wconf 85' lang='lat' dir='ltr'><strong>condicione</strong></span> 
     </span>
     <span class='ocr_line' id='line_1_7' title="bbox 235 1147 1384 1229; baseline 0.003 -23"><span class='ocrx_word' id='word_1_39' title='bbox 235 1147 329 1208; x_wconf 83' lang='lat' dir='ltr'><strong>luisse</strong></span> <span class='ocrx_word' id='word_1_40' title='bbox 356 1147 483 1218; x_wconf 84' lang='lat' dir='ltr'><strong>ridetur,</strong></span> <span class='ocrx_word' id='word_1_41' title='bbox 516 1167 583 1208; x_wconf 91' lang='lat' dir='ltr'><strong>cum</strong></span> <span class='ocrx_word' id='word_1_42' title='bbox 613 1147 731 1209; x_wconf 79' lang='lat' dir='ltr'><strong>obstent</strong></span> <span class='ocrx_word' id='word_1_43' title='bbox 760 1148 835 1209; x_wconf 92' lang='lat' dir='ltr'><strong>tituli</strong></span> <span class='ocrx_word' id='word_1_44' title='bbox 860 1150 880 1210; x_wconf 92' lang='lat' dir='ltr'><strong>l.</strong></span> <span class='ocrx_word' id='word_1_45' title='bbox 904 1151 937 1210; x_wconf 87' lang='lat' dir='ltr'><strong>ll.</strong></span> <span class='ocrx_word' id='word_1_46' title='bbox 963 1150 996 1208; x_wconf 90' lang='lat' dir='ltr'><strong>N.</strong></span> <span class='ocrx_word' id='word_1_47' title='bbox 1022 1149 1114 1210; x_wconf 79' lang='lat'><strong>5250.</strong></span> <span class='ocrx_word' id='word_1_48' title='bbox 1140 1149 1239 1221; x_wconf 86' lang='grc'><strong>5252,</strong></span> <span class='ocrx_word' id='word_1_49' title='bbox 1274 1149 1384 1229; x_wconf 90' lang='lat' dir='ltr'><strong>quibus</strong></span> 
     </span>
     <span class='ocr_line' id='line_1_8' title="bbox 238 1247 806 1326; baseline 0 -20"><span class='ocrx_word' id='word_1_50' title='bbox 238 1247 443 1326; x_wconf 89' lang='lat' dir='ltr'><strong>municipium,</strong></span> <span class='ocrx_word' id='word_1_51' title='bbox 465 1264 528 1307; x_wconf 90' lang='lat' dir='ltr'><strong>non</strong></span> <span class='ocrx_word' id='word_1_52' title='bbox 551 1247 664 1307; x_wconf 90' lang='lat' dir='ltr'><strong>colonia</strong></span> <span class='ocrx_word' id='word_1_53' title='bbox 688 1247 806 1308; x_wconf 88' lang='lat' dir='ltr'><strong>dicitur.</strong></span> 
     </span>
    </p>
   </div>
   <div class='ocr_carea' id='block_1_5' title="bbox 474 1418 1144 1496">
    <p class='ocr_par' dir='ltr' id='par_1_5' title="bbox 474 1418 1144 1496">
     <span class='ocr_line' id='line_1_9' title="bbox 474 1418 1144 1496; baseline -0.003 -19"><span class='ocrx_word' id='word_1_54' title='bbox 474 1423 668 1478; x_wconf 85' lang='lat' dir='ltr'><strong>lllarruvlum</strong></span> <span class='ocrx_word' id='word_1_55' title='bbox 692 1423 869 1478; x_wconf 75' lang='lat' dir='ltr'><strong>Marsorum</strong></span> <span class='ocrx_word' id='word_1_56' title='bbox 895 1418 936 1488; x_wconf 86' lang='lat' dir='ltr'><strong>(S.</strong></span> <span class='ocrx_word' id='word_1_57' title='bbox 961 1418 1144 1496; x_wconf 74' lang='lat' dir='ltr'><strong>benedetto).</strong></span> 
     </span>
    </p>
   </div>
   <div class='ocr_carea' id='block_1_6' title="bbox 237 1542 1388 2118">
    <p class='ocr_par' dir='ltr' id='par_1_6' title="bbox 237 1542 1388 2118">
     <span class='ocr_line' id='line_1_10' title="bbox 321 1542 1387 1622; baseline 0.002 -20"><span class='ocrx_word' id='word_1_58' title='bbox 321 1543 433 1602; x_wconf 89' lang='lat' dir='ltr'><strong>Marsos</strong></span> <span class='ocrx_word' id='word_1_59' title='bbox 456 1562 523 1603; x_wconf 93' lang='lat' dir='ltr'><strong>cum</strong></span> <span class='ocrx_word' id='word_1_60' title='bbox 541 1543 670 1603; x_wconf 93' lang='lat' dir='ltr'><strong>sciamus</strong></span> <span class='ocrx_word' id='word_1_61' title='bbox 687 1543 863 1622; x_wconf 86' lang='lat' dir='ltr'><strong>plerumque</strong></span> <span class='ocrx_word' id='word_1_62' title='bbox 880 1543 994 1604; x_wconf 89' lang='lat' dir='ltr'><strong>vicatim</strong></span> <span class='ocrx_word' id='word_1_63' title='bbox 1013 1542 1156 1604; x_wconf 77' lang='lat' dir='ltr'><strong>habitasse</strong></span> <span class='ocrx_word' id='word_1_64' title='bbox 1172 1543 1387 1622; x_wconf 86' lang='lat' dir='ltr'><strong>paucissimas-</strong></span> 
     </span>
     <span class='ocr_line' id='line_1_11' title="bbox 237 1641 1388 1722; baseline 0.001 -20"><span class='ocrx_word' id='word_1_65' title='bbox 237 1663 295 1722; x_wconf 89' lang='lat' dir='ltr'><strong>que</strong></span> <span class='ocrx_word' id='word_1_66' title='bbox 318 1642 450 1702; x_wconf 88' lang='lat' dir='ltr'><strong>civitates</strong></span> <span class='ocrx_word' id='word_1_67' title='bbox 474 1641 621 1712; x_wconf 80' lang='lat' dir='ltr'><strong>babuisse,</strong></span> <span class='ocrx_word' id='word_1_68' title='bbox 646 1642 835 1715; x_wconf 89' lang='lat' dir='ltr'><strong>Marruvium,</strong></span> <span class='ocrx_word' id='word_1_69' title='bbox 859 1643 936 1721; x_wconf 92' lang='lat' dir='ltr'><strong>quod</strong></span> <span class='ocrx_word' id='word_1_70' title='bbox 962 1651 1024 1703; x_wconf 90' lang='lat' dir='ltr'><strong>erat</strong></span> <span class='ocrx_word' id='word_1_71' title='bbox 1047 1651 1133 1722; x_wconf 89' lang='lat' dir='ltr'><strong>caput</strong></span> <span class='ocrx_word' id='word_1_72' title='bbox 1155 1659 1275 1715; x_wconf 87' lang='lat' dir='ltr'><strong>eorum,</strong></span> <span class='ocrx_word' id='word_1_73' title='bbox 1299 1644 1388 1722; x_wconf 91' lang='lat' dir='ltr'><strong>oppi-</strong></span> 
     </span>
     <span class='ocr_line' id='line_1_12' title="bbox 237 1741 1385 1821; baseline -0.001 -18"><span class='ocrx_word' id='word_1_74' title='bbox 237 1741 339 1803; x_wconf 93' lang='lat' dir='ltr'><strong>dulum</strong></span> <span class='ocrx_word' id='word_1_75' title='bbox 364 1742 457 1800; x_wconf 86' lang='lat' dir='ltr'><strong>luisse</strong></span> <span class='ocrx_word' id='word_1_76' title='bbox 472 1749 601 1820; x_wconf 89' lang='lat' dir='ltr'><strong>apparet.</strong></span> <span class='ocrx_word' id='word_1_77' title='bbox 640 1741 789 1821; x_wconf 85' lang='lat' dir='ltr'><strong>Municipii</strong></span> <span class='ocrx_word' id='word_1_78' title='bbox 806 1741 990 1814; x_wconf 88' lang='lat' dir='ltr'><strong>condicione,</strong></span> <span class='ocrx_word' id='word_1_79' title='bbox 1014 1761 1074 1803; x_wconf 92' lang='lat' dir='ltr'><strong>nou</strong></span> <span class='ocrx_word' id='word_1_80' title='bbox 1091 1742 1223 1802; x_wconf 87' lang='lat' dir='ltr'><strong>coloniae</strong></span> <span class='ocrx_word' id='word_1_81' title='bbox 1243 1742 1385 1821; x_wconf 91' lang='lat' dir='ltr'><strong>oppidum</strong></span> 
     </span>
     <span class='ocr_line' id='line_1_13' title="bbox 237 1839 1385 1920; baseline 0.002 -20"><span class='ocrx_word' id='word_1_82' title='bbox 237 1841 332 1901; x_wconf 86' lang='lat' dir='ltr'><strong>fuisse</strong></span> <span class='ocrx_word' id='word_1_83' title='bbox 365 1841 495 1900; x_wconf 89' lang='lat' dir='ltr'><strong>indicant</strong></span> <span class='ocrx_word' id='word_1_84' title='bbox 522 1839 600 1901; x_wconf 88' lang='lat' dir='ltr'><strong>tituli</strong></span> <span class='ocrx_word' id='word_1_85' title='bbox 631 1841 651 1900; x_wconf 91' lang='grc'><strong>1.</strong></span> <span class='ocrx_word' id='word_1_86' title='bbox 681 1841 714 1900; x_wconf 86' lang='lat' dir='ltr'><strong>ll.</strong></span> <span class='ocrx_word' id='word_1_87' title='bbox 739 1840 771 1901; x_wconf 92' lang='lat' dir='ltr'><strong>N.</strong></span> <span class='ocrx_word' id='word_1_88' title='bbox 804 1841 895 1902; x_wconf 73' lang='lat'><strong>5497.</strong></span> <span class='ocrx_word' id='word_1_89' title='bbox 924 1841 1020 1914; x_wconf 83' lang='lat'>5502,</span> <span class='ocrx_word' id='word_1_90' title='bbox 1052 1859 1141 1920; x_wconf 86' lang='lat' dir='ltr'><strong>quare</strong></span> <span class='ocrx_word' id='word_1_91' title='bbox 1173 1859 1232 1901; x_wconf 91' lang='lat' dir='ltr'><strong>non</strong></span> <span class='ocrx_word' id='word_1_92' title='bbox 1260 1841 1385 1902; x_wconf 92' lang='lat' dir='ltr'><strong>dubium</strong></span> 
     </span>
     <span class='ocr_line' id='line_1_14' title="bbox 238 1939 1386 2020; baseline 0.002 -22"><span class='ocrx_word' id='word_1_93' title='bbox 238 1939 310 2019; x_wconf 93' lang='lat' dir='ltr'><strong>quin</strong></span> <span class='ocrx_word' id='word_1_94' title='bbox 341 1939 417 2000; x_wconf 90' lang='lat' dir='ltr'><strong>bello</strong></span> <span class='ocrx_word' id='word_1_95' title='bbox 446 1939 546 2000; x_wconf 90' lang='lat' dir='ltr'><strong>sociali</strong></span> <span class='ocrx_word' id='word_1_96' title='bbox 574 1939 710 2000; x_wconf 88' lang='lat' dir='ltr'><strong>conlecto</strong></span> <span class='ocrx_word' id='word_1_97' title='bbox 741 1959 776 2000; x_wconf 90' lang='lat' dir='ltr'><strong>co</strong></span> <span class='ocrx_word' id='word_1_98' title='bbox 807 1941 870 2000; x_wconf 89' lang='lat' dir='ltr'><strong>iure</strong></span> <span class='ocrx_word' id='word_1_99' title='bbox 900 1949 1064 2001; x_wconf 85' lang='lat' dir='ltr'><strong>ornaretur.</strong></span> <span class='ocrx_word' id='word_1_100' title='bbox 1111 1941 1231 2000; x_wconf 80' lang='lat' dir='ltr'><strong>Praeter</strong></span> <span class='ocrx_word' id='word_1_101' title='bbox 1253 1940 1386 2020; x_wconf 84' lang='lat' dir='ltr'><strong>Capitolii</strong></span> 
     </span>
     <span class='ocr_line' id='line_1_15' title="bbox 238 2038 998 2118; baseline 0 -19"><span class='ocrx_word' id='word_1_102' title='bbox 238 2047 337 2100; x_wconf 90' lang='lat' dir='ltr'><strong>autem</strong></span> <span class='ocrx_word' id='word_1_103' title='bbox 361 2055 472 2098; x_wconf 90' lang='lat' dir='ltr'><strong>nomen</strong></span> <span class='ocrx_word' id='word_1_104' title='bbox 496 2038 567 2099; x_wconf 84' lang='lat' dir='ltr'><strong>nihil</strong></span> <span class='ocrx_word' id='word_1_105' title='bbox 591 2047 776 2118; x_wconf 86' lang='lat' dir='ltr'><strong>compertum</strong></span> <span class='ocrx_word' id='word_1_106' title='bbox 799 2039 998 2118; x_wconf 79' lang='lat' dir='ltr'><strong>babemus⁷¹).</strong></span> 
     </span>
    </p>
   </div>
   <div class='ocr_carea' id='block_1_7' title="bbox 716 2215 905 2270">
    <p class='ocr_par' dir='ltr' id='par_1_7' title="bbox 716 2215 905 2270">
     <span class='ocr_line' id='line_1_16' title="bbox 716 2215 905 2270; baseline 0 0"><span class='ocrx_word' id='word_1_107' title='bbox 716 2215 905 2270; x_wconf 80' lang='lat' dir='ltr'><strong>Abellinum.</strong></span> 
     </span>
    </p>
   </div>
   <div class='ocr_carea' id='block_1_8' title="bbox 239 2333 1387 2512">
    <p class='ocr_par' dir='ltr' id='par_1_8' title="bbox 239 2333 1387 2512">
     <span class='ocr_line' id='line_1_17' title="bbox 324 2333 1387 2414; baseline 0.001 -21"><span class='ocrx_word' id='word_1_108' title='bbox 324 2333 465 2402; x_wconf 66' lang='lat' dir='ltr'><strong>abellini,</strong></span> <span class='ocrx_word' id='word_1_109' title='bbox 495 2333 687 2412; x_wconf 84' lang='lat' dir='ltr'><strong>Hirpinorum</strong></span> <span class='ocrx_word' id='word_1_110' title='bbox 711 2335 779 2393; x_wconf 91' lang='lat' dir='ltr'><strong>olim</strong></span> <span class='ocrx_word' id='word_1_111' title='bbox 804 2334 922 2414; x_wconf 80' lang='lat' dir='ltr'><strong>oppidi,</strong></span> <span class='ocrx_word' id='word_1_112' title='bbox 949 2334 1124 2412; x_wconf 84' lang='lat' dir='ltr'><strong>Capitolium</strong></span> <span class='ocrx_word' id='word_1_113' title='bbox 1150 2342 1387 2394; x_wconf 89' lang='lat' dir='ltr'><strong>commemorant</strong></span> 
     </span>
     <span class='ocr_line' id='line_1_18' title="bbox 239 2431 1387 2512; baseline -0.003 -18"><span class='ocrx_word' id='word_1_114' title='bbox 239 2442 301 2494; x_wconf 85' lang='lat' dir='ltr'><strong>acta</strong></span> <span class='ocrx_word' id='word_1_115' title='bbox 324 2433 372 2494; x_wconf 90' lang='lat' dir='ltr'><strong>SS.</strong></span> <span class='ocrx_word' id='word_1_116' title='bbox 397 2432 530 2511; x_wconf 83' lang='lat' dir='ltr'><strong>Martyrr.</strong></span> <span class='ocrx_word' id='word_1_117' title='bbox 553 2432 698 2512; x_wconf 86' lang='lat' dir='ltr'><strong>Hypolisti</strong></span> <span class='ocrx_word' id='word_1_118' title='bbox 725 2431 807 2510; x_wconf 85' lang='lat' dir='ltr'><strong>(sici)</strong></span> <span class='ocrx_word' id='word_1_119' title='bbox 835 2433 995 2493; x_wconf 86' lang='lat' dir='ltr'><strong>Crescentii</strong></span> <span class='ocrx_word' id='word_1_120' title='bbox 1018 2432 1226 2505; x_wconf 74' lang='lat' dir='ltr'><strong>sociorum⁷²t</strong></span> <span class='ocrx_word' id='word_1_121' title='bbox 1286 2433 1387 2512; x_wconf 84' lang='lat' dir='ltr'><strong>Hypo·</strong></span> 
     </span>
    </p>
   </div>
   <div class='ocr_carea' id='block_1_9' title="bbox 240 2557 453 2566">
    <p class='ocr_par' dir='ltr' id='par_1_9' title="bbox 240 2557 453 2566">
     <span class='ocr_line' id='line_1_19' title="bbox 240 2557 453 2566; baseline -0.014 0"><span class='ocrx_word' id='word_1_122' title='bbox 240 2557 453 2566; x_wconf 77' lang='lat'><strong>-..-.-.-—-—</strong></span> 
     </span>
    </p>
   </div>
   <div class='ocr_carea' id='block_1_10' title="bbox 236 2631 1386 4500">
    <p class='ocr_par' dir='ltr' id='par_1_10' title="bbox 236 2631 1386 4092">
     <span class='ocr_line' id='line_1_20' title="bbox 306 2631 1386 2698; baseline 0.002 -16"><span class='ocrx_word' id='word_1_123' title='bbox 306 2635 337 2693; x_wconf 81' lang='lat'><strong>⁷⁰)</strong></span> <span class='ocrx_word' id='word_1_124' title='bbox 357 2633 549 2698; x_wconf 76' lang='lat' dir='ltr'><strong>[Clapitoliutm]</strong></span> <span class='ocrx_word' id='word_1_125' title='bbox 566 2631 570 2697; x_wconf 92' lang='grc' dir='ltr'>Ι</span> <span class='ocrx_word' id='word_1_126' title='bbox 587 2633 701 2695; x_wconf 77' lang='lat' dir='ltr'><strong>[Flebius</strong></span> <span class='ocrx_word' id='word_1_127' title='bbox 717 2633 861 2696; x_wconf 67' lang='lat' dir='ltr'><strong>Maximus]</strong></span> <span class='ocrx_word' id='word_1_128' title='bbox 878 2631 883 2698; x_wconf 95' lang='grc' dir='ltr'>Ι</span> <span class='ocrx_word' id='word_1_129' title='bbox 899 2634 959 2696; x_wconf 89' lang='lat' dir='ltr'><strong>v[ir]</strong></span> <span class='ocrx_word' id='word_1_130' title='bbox 979 2633 1155 2696; x_wconf 76' lang='lat' dir='ltr'><strong>ellarissimus]</strong></span> <span class='ocrx_word' id='word_1_131' title='bbox 1177 2633 1181 2698; x_wconf 94' lang='grc' dir='ltr'>Ι</span> <span class='ocrx_word' id='word_1_132' title='bbox 1201 2633 1386 2696; x_wconf 76' lang='lat' dir='ltr'><strong>[ilustauravit.</strong></span> 
     </span>
     <span class='ocr_line' id='line_1_21' title="bbox 238 2713 1386 2781; baseline 0.002 -17"><span class='ocrx_word' id='word_1_133' title='bbox 238 2715 313 2781; x_wconf 87' lang='lat' dir='ltr'><strong>Lapis</strong></span> <span class='ocrx_word' id='word_1_134' title='bbox 332 2723 448 2781; x_wconf 90' lang='lat' dir='ltr'><strong>repertus</strong></span> <span class='ocrx_word' id='word_1_135' title='bbox 467 2723 507 2764; x_wconf 90' lang='lat' dir='ltr'><strong>est</strong></span> <span class='ocrx_word' id='word_1_136' title='bbox 525 2715 550 2764; x_wconf 92' lang='lat' dir='ltr'><strong>iu</strong></span> <span class='ocrx_word' id='word_1_137' title='bbox 570 2715 638 2764; x_wconf 89' lang='lat' dir='ltr'><strong>atrio</strong></span> <span class='ocrx_word' id='word_1_138' title='bbox 657 2732 677 2764; x_wconf 85' lang='lat' dir='ltr'><strong>s.</strong></span> <span class='ocrx_word' id='word_1_139' title='bbox 692 2713 770 2774; x_wconf 87' lang='lat' dir='ltr'><strong>Petri,</strong></span> <span class='ocrx_word' id='word_1_140' title='bbox 790 2715 833 2764; x_wconf 93' lang='lat' dir='ltr'><strong>ubi</strong></span> <span class='ocrx_word' id='word_1_141' title='bbox 848 2715 908 2764; x_wconf 90' lang='lat' dir='ltr'><strong>olim</strong></span> <span class='ocrx_word' id='word_1_142' title='bbox 922 2731 967 2780; x_wconf 87' lang='lat' dir='ltr'><strong>pro</strong></span> <span class='ocrx_word' id='word_1_143' title='bbox 981 2717 1061 2778; x_wconf 83' lang='lat' dir='ltr'><strong>gradu</strong></span> <span class='ocrx_word' id='word_1_144' title='bbox 1074 2717 1104 2765; x_wconf 89' lang='lat' dir='ltr'><strong>ad</strong></span> <span class='ocrx_word' id='word_1_145' title='bbox 1118 2715 1258 2766; x_wconf 86' lang='lat' dir='ltr'><strong>aediculam</strong></span> <span class='ocrx_word' id='word_1_146' title='bbox 1272 2717 1386 2766; x_wconf 87' lang='lat' dir='ltr'><strong>Sanctis·</strong></span> 
     </span>
     <span class='ocr_line' id='line_1_22' title="bbox 239 2796 1386 2864; baseline -0.001 -17"><span class='ocrx_word' id='word_1_147' title='bbox 239 2799 297 2848; x_wconf 89' lang='lat' dir='ltr'><strong>simi</strong></span> <span class='ocrx_word' id='word_1_148' title='bbox 311 2797 369 2848; x_wconf 86' lang='lat' dir='ltr'><strong>snit.</strong></span> <span class='ocrx_word' id='word_1_149' title='bbox 388 2796 490 2847; x_wconf 83' lang='lat' dir='ltr'><strong>Titulus</strong></span> <span class='ocrx_word' id='word_1_150' title='bbox 503 2813 649 2862; x_wconf 88' lang='lat' dir='ltr'><strong>quamquam</strong></span> <span class='ocrx_word' id='word_1_151' title='bbox 663 2805 761 2863; x_wconf 91' lang='lat' dir='ltr'><strong>tempus</strong></span> <span class='ocrx_word' id='word_1_152' title='bbox 775 2815 822 2847; x_wconf 87' lang='lat' dir='ltr'><strong>non</strong></span> <span class='ocrx_word' id='word_1_153' title='bbox 837 2797 941 2860; x_wconf 88' lang='lat' dir='ltr'><strong>iudicat,</strong></span> <span class='ocrx_word' id='word_1_154' title='bbox 954 2805 1037 2848; x_wconf 89' lang='lat' dir='ltr'><strong>tamen</strong></span> <span class='ocrx_word' id='word_1_155' title='bbox 1051 2797 1110 2848; x_wconf 88' lang='lat' dir='ltr'><strong>aliis</strong></span> <span class='ocrx_word' id='word_1_156' title='bbox 1121 2814 1152 2847; x_wconf 86' lang='lat' dir='ltr'><strong>ex</strong></span> <span class='ocrx_word' id='word_1_157' title='bbox 1163 2798 1386 2864; x_wconf 80' lang='lat' dir='ltr'><strong>inscriptionibus,</strong></span> 
     </span>
     <span class='ocr_line' id='line_1_23' title="bbox 238 2879 1386 2946; baseline -0.002 -16"><span class='ocrx_word' id='word_1_158' title='bbox 238 2881 328 2946; x_wconf 89' lang='lat' dir='ltr'><strong>quibus</strong></span> <span class='ocrx_word' id='word_1_159' title='bbox 350 2880 445 2930; x_wconf 84' lang='lat' dir='ltr'><strong>Fabius</strong></span> <span class='ocrx_word' id='word_1_160' title='bbox 470 2887 557 2929; x_wconf 90' lang='lat' dir='ltr'><strong>rector</strong></span> <span class='ocrx_word' id='word_1_161' title='bbox 579 2880 727 2945; x_wconf 85' lang='lat' dir='ltr'><strong>provinciae</strong></span> <span class='ocrx_word' id='word_1_162' title='bbox 746 2879 905 2946; x_wconf 87' lang='lat' dir='ltr'><strong>appellatur,</strong></span> <span class='ocrx_word' id='word_1_163' title='bbox 929 2895 985 2929; x_wconf 88' lang='lat' dir='ltr'><strong>eum</strong></span> <span class='ocrx_word' id='word_1_164' title='bbox 1009 2879 1063 2929; x_wconf 89' lang='lat' dir='ltr'><strong>illis</strong></span> <span class='ocrx_word' id='word_1_165' title='bbox 1087 2880 1243 2946; x_wconf 87' lang='lat' dir='ltr'><strong>temporibus</strong></span> <span class='ocrx_word' id='word_1_166' title='bbox 1267 2881 1386 2930; x_wconf 86' lang='lat' dir='ltr'><strong>lloruisse</strong></span> 
     </span>
     <span class='ocr_line' id='line_1_24' title="bbox 239 2959 1384 3025; baseline -0.002 -13"><span class='ocrx_word' id='word_1_167' title='bbox 239 2970 348 3014; x_wconf 84' lang='lat' dir='ltr'><strong>constat.</strong></span> <span class='ocrx_word' id='word_1_168' title='bbox 394 2961 511 3012; x_wconf 80' lang='lat' dir='ltr'><strong>flecteris</strong></span> <span class='ocrx_word' id='word_1_169' title='bbox 535 2963 601 3012; x_wconf 90' lang='lat' dir='ltr'><strong>euim</strong></span> <span class='ocrx_word' id='word_1_170' title='bbox 626 2961 721 3012; x_wconf 90' lang='lat' dir='ltr'><strong>Samnii</strong></span> <span class='ocrx_word' id='word_1_171' title='bbox 745 2977 833 3012; x_wconf 85' lang='lat' dir='ltr'><strong>nomeu</strong></span> <span class='ocrx_word' id='word_1_172' title='bbox 857 2969 915 3011; x_wconf 85' lang='lat' dir='ltr'><strong>ante</strong></span> <span class='ocrx_word' id='word_1_173' title='bbox 936 2977 1025 3012; x_wconf 89' lang='lat' dir='ltr'><strong>aunum</strong></span> <span class='ocrx_word' id='word_1_174' title='bbox 1045 2961 1094 3010; x_wconf 78' lang='lat'><strong>³52</strong></span> <span class='ocrx_word' id='word_1_175' title='bbox 1120 2979 1167 3012; x_wconf 89' lang='lat' dir='ltr'><strong>non</strong></span> <span class='ocrx_word' id='word_1_176' title='bbox 1188 2962 1330 3025; x_wconf 89' lang='lat' dir='ltr'><strong>invenitur,</strong></span> <span class='ocrx_word' id='word_1_177' title='bbox 1352 2959 1384 3010; x_wconf 85' lang='lat' dir='ltr'><strong>cf.</strong></span> 
     </span>
     <span class='ocr_line' id='line_1_25' title="bbox 237 3040 1384 3109; baseline -0.001 -15"><span class='ocrx_word' id='word_1_178' title='bbox 237 3045 350 3095; x_wconf 85' lang='lat' dir='ltr'><strong>Momms.</strong></span> <span class='ocrx_word' id='word_1_179' title='bbox 376 3061 425 3095; x_wconf 89' lang='lat' dir='ltr'><strong>scr.</strong></span> <span class='ocrx_word' id='word_1_180' title='bbox 450 3060 529 3108; x_wconf 81' lang='lat' dir='ltr'><strong>grom.</strong></span> <span class='ocrx_word' id='word_1_181' title='bbox 548 3043 570 3094; x_wconf 93' lang='lat' dir='ltr'><strong>Il</strong></span> <span class='ocrx_word' id='word_1_182' title='bbox 592 3059 615 3108; x_wconf 89' lang='lat' dir='ltr'><strong>p.</strong></span> <span class='ocrx_word' id='word_1_183' title='bbox 635 3044 697 3106; x_wconf 73' lang='lat'><strong>2063</strong></span> <span class='ocrx_word' id='word_1_184' title='bbox 726 3043 863 3093; x_wconf 89' lang='lat' dir='ltr'><strong>Wilmans.</strong></span> <span class='ocrx_word' id='word_1_185' title='bbox 887 3043 934 3094; x_wconf 80' lang='lat' dir='ltr'><strong>Er.</strong></span> <span class='ocrx_word' id='word_1_186' title='bbox 953 3061 976 3092; x_wconf 90' lang='lat' dir='ltr'><strong>u.</strong></span> <span class='ocrx_word' id='word_1_187' title='bbox 996 3040 1071 3093; x_wconf 73' lang='lat' dir='ltr'><strong>reeb.</strong></span> <span class='ocrx_word' id='word_1_188' title='bbox 1120 3043 1214 3093; x_wconf 83' lang='lat' dir='ltr'><strong>[lector</strong></span> <span class='ocrx_word' id='word_1_189' title='bbox 1237 3043 1384 3109; x_wconf 86' lang='lat' dir='ltr'><strong>provinciae</strong></span> 
     </span>
     <span class='ocr_line' id='line_1_26' title="bbox 237 3121 1383 3192; baseline -0.003 -16"><span class='ocrx_word' id='word_1_190' title='bbox 237 3127 382 3192; x_wconf 88' lang='lat' dir='ltr'><strong>appellatur</strong></span> <span class='ocrx_word' id='word_1_191' title='bbox 400 3125 476 3174; x_wconf 82' lang='lat' dir='ltr'><strong>Alius</strong></span> <span class='ocrx_word' id='word_1_192' title='bbox 496 3125 511 3175; x_wconf 93' lang='grc'><strong>1.</strong></span> <span class='ocrx_word' id='word_1_193' title='bbox 526 3125 678 3177; x_wconf 64' lang='grc'><strong>[1114158</strong></span> <span class='ocrx_word' id='word_1_194' title='bbox 699 3129 741 3184; x_wconf 82' lang='grc' dir='ltr'><strong>Ι--</strong></span> <span class='ocrx_word' id='word_1_195' title='bbox 755 3125 797 3174; x_wconf 91' lang='lat' dir='ltr'><strong>W.</strong></span> <span class='ocrx_word' id='word_1_196' title='bbox 816 3125 865 3174; x_wconf 88' lang='grc'><strong>135</strong></span> <span class='ocrx_word' id='word_1_197' title='bbox 874 3126 894 3186; x_wconf 74' lang='grc' dir='ltr'><strong>οΙ</strong></span> <span class='ocrx_word' id='word_1_198' title='bbox 913 3123 1031 3176; x_wconf 87' lang='lat' dir='ltr'><strong>Telesiae</strong></span> <span class='ocrx_word' id='word_1_199' title='bbox 1050 3127 1083 3175; x_wconf 90' lang='lat' dir='ltr'><strong>ib.</strong></span> <span class='ocrx_word' id='word_1_200' title='bbox 1102 3127 1170 3176; x_wconf 81' lang='lat'>4850</span> <span class='ocrx_word' id='word_1_201' title='bbox 1188 3127 1233 3186; x_wconf 59' lang='grc' dir='ltr'><strong>(π</strong></span> <span class='ocrx_word' id='word_1_202' title='bbox 1247 3125 1289 3175; x_wconf 91' lang='lat' dir='ltr'><strong>W.</strong></span> <span class='ocrx_word' id='word_1_203' title='bbox 1304 3121 1383 3187; x_wconf 66' lang='grc' dir='ltr'><strong>’1351Ι</strong></span> 
     </span>
     <span class='ocr_line' id='line_1_27' title="bbox 237 3206 1383 3273; baseline -0.002 -15"><span class='ocrx_word' id='word_1_204' title='bbox 237 3208 342 3273; x_wconf 85' lang='lat' dir='ltr'><strong>Saepiui</strong></span> <span class='ocrx_word' id='word_1_205' title='bbox 365 3207 398 3256; x_wconf 90' lang='lat' dir='ltr'><strong>ib.</strong></span> <span class='ocrx_word' id='word_1_206' title='bbox 418 3206 485 3256; x_wconf 81' lang='grc'><strong>4926</strong></span> <span class='ocrx_word' id='word_1_207' title='bbox 509 3209 553 3268; x_wconf 81' lang='lat'>(·-=</span> <span class='ocrx_word' id='word_1_208' title='bbox 568 3207 609 3258; x_wconf 90' lang='lat' dir='ltr'><strong>W.</strong></span> <span class='ocrx_word' id='word_1_209' title='bbox 624 3207 706 3268; x_wconf 72' lang='lat'><strong>735‘)</strong></span> <span class='ocrx_word' id='word_1_210' title='bbox 733 3206 821 3257; x_wconf 82' lang='lat' dir='ltr'><strong>iuveni</strong></span> <span class='ocrx_word' id='word_1_211' title='bbox 845 3207 878 3257; x_wconf 92' lang='lat' dir='ltr'><strong>ib.</strong></span> <span class='ocrx_word' id='word_1_212' title='bbox 899 3207 965 3256; x_wconf 85' lang='grc'><strong>5189</strong></span> <span class='ocrx_word' id='word_1_213' title='bbox 990 3208 1036 3269; x_wconf 88' lang='lat'><strong>(==</strong></span> <span class='ocrx_word' id='word_1_214' title='bbox 1049 3208 1090 3258; x_wconf 92' lang='lat' dir='ltr'><strong>W.</strong></span> <span class='ocrx_word' id='word_1_215' title='bbox 1106 3206 1193 3272; x_wconf 71' lang='grc'><strong>1351).</strong></span> <span class='ocrx_word' id='word_1_216' title='bbox 1239 3206 1335 3272; x_wconf 77' lang='lat' dir='ltr'><strong>Quibus</strong></span> <span class='ocrx_word' id='word_1_217' title='bbox 1357 3208 1383 3256; x_wconf 92' lang='lat' dir='ltr'><strong>iu</strong></span> 
     </span>
     <span class='ocr_line' id='line_1_28' title="bbox 238 3287 1383 3355; baseline -0.001 -17"><span class='ocrx_word' id='word_1_218' title='bbox 238 3289 336 3355; x_wconf 85' lang='lat' dir='ltr'><strong>oppidis</strong></span> <span class='ocrx_word' id='word_1_219' title='bbox 360 3289 426 3353; x_wconf 90' lang='lat' dir='ltr'><strong>quud</strong></span> <span class='ocrx_word' id='word_1_220' title='bbox 444 3296 534 3339; x_wconf 83' lang='lat' dir='ltr'><strong>vetera</strong></span> <span class='ocrx_word' id='word_1_221' title='bbox 557 3288 670 3338; x_wconf 87' lang='lat' dir='ltr'><strong>aedilicia</strong></span> <span class='ocrx_word' id='word_1_222' title='bbox 695 3289 857 3350; x_wconf 80' lang='lat' dir='ltr'><strong>restituisse,</strong></span> <span class='ocrx_word' id='word_1_223' title='bbox 879 3290 950 3338; x_wconf 83' lang='lat' dir='ltr'><strong>&#39;nora</strong></span> <span class='ocrx_word' id='word_1_224' title='bbox 969 3287 1108 3354; x_wconf 79' lang='lat' dir='ltr'><strong>perfecisse</strong></span> <span class='ocrx_word' id='word_1_225' title='bbox 1127 3305 1175 3338; x_wconf 88' lang='lat' dir='ltr'><strong>nou</strong></span> <span class='ocrx_word' id='word_1_226' title='bbox 1194 3289 1290 3338; x_wconf 88' lang='lat' dir='ltr'><strong>dicitur</strong></span> <span class='ocrx_word' id='word_1_227' title='bbox 1308 3305 1383 3339; x_wconf 86' lang='lat' dir='ltr'><strong>causa</strong></span> 
     </span>
     <span class='ocr_line' id='line_1_29' title="bbox 237 3369 1384 3434; baseline 0 -14"><span class='ocrx_word' id='word_1_228' title='bbox 237 3373 298 3421; x_wconf 91' lang='lat' dir='ltr'><strong>baec</strong></span> <span class='ocrx_word' id='word_1_229' title='bbox 322 3379 370 3421; x_wconf 85' lang='lat' dir='ltr'><strong>est.</strong></span> <span class='ocrx_word' id='word_1_230' title='bbox 416 3370 475 3420; x_wconf 87' lang='lat' dir='ltr'><strong>Cum</strong></span> <span class='ocrx_word' id='word_1_231' title='bbox 494 3371 570 3420; x_wconf 87' lang='lat' dir='ltr'><strong>initio</strong></span> <span class='ocrx_word' id='word_1_232' title='bbox 595 3371 692 3420; x_wconf 84' lang='lat' dir='ltr'><strong>saeculi</strong></span> <span class='ocrx_word' id='word_1_233' title='bbox 711 3369 743 3420; x_wconf 97' lang='lat' dir='ltr'><strong>lV</strong></span> <span class='ocrx_word' id='word_1_234' title='bbox 762 3370 859 3419; x_wconf 86' lang='lat' dir='ltr'><strong>incuria</strong></span> <span class='ocrx_word' id='word_1_235' title='bbox 879 3369 1024 3434; x_wconf 82' lang='lat' dir='ltr'><strong>praesidum</strong></span> <span class='ocrx_word' id='word_1_236' title='bbox 1046 3379 1134 3421; x_wconf 84' lang='lat' dir='ltr'><strong>vetera</strong></span> <span class='ocrx_word' id='word_1_237' title='bbox 1153 3378 1312 3422; x_wconf 84' lang='lat' dir='ltr'><strong>monumenta</strong></span> <span class='ocrx_word' id='word_1_238' title='bbox 1330 3371 1384 3421; x_wconf 89' lang='lat' dir='ltr'><strong>col·</strong></span> 
     </span>
     <span class='ocr_line' id='line_1_30' title="bbox 237 3453 1385 3519; baseline -0.001 -17"><span class='ocrx_word' id='word_1_239' title='bbox 237 3453 291 3503; x_wconf 88' lang='lat' dir='ltr'><strong>labi</strong></span> <span class='ocrx_word' id='word_1_240' title='bbox 310 3461 336 3503; x_wconf 86' lang='lat' dir='ltr'><strong>et</strong></span> <span class='ocrx_word' id='word_1_241' title='bbox 354 3453 439 3518; x_wconf 86' lang='lat' dir='ltr'><strong>perire</strong></span> <span class='ocrx_word' id='word_1_242' title='bbox 456 3453 598 3518; x_wconf 84' lang='lat' dir='ltr'><strong>inciperent</strong></span> <span class='ocrx_word' id='word_1_243' title='bbox 611 3461 637 3502; x_wconf 89' lang='lat' dir='ltr'><strong>et</strong></span> <span class='ocrx_word' id='word_1_244' title='bbox 649 3453 690 3502; x_wconf 93' lang='lat' dir='ltr'><strong>illi</strong></span> <span class='ocrx_word' id='word_1_245' title='bbox 704 3468 770 3501; x_wconf 88' lang='lat' dir='ltr'><strong>nora</strong></span> <span class='ocrx_word' id='word_1_246' title='bbox 783 3453 903 3502; x_wconf 88' lang='lat' dir='ltr'><strong>incboare</strong></span> <span class='ocrx_word' id='word_1_247' title='bbox 916 3467 988 3517; x_wconf 83' lang='lat' dir='ltr'><strong>qnam</strong></span> <span class='ocrx_word' id='word_1_248' title='bbox 1001 3453 1120 3503; x_wconf 86' lang='lat' dir='ltr'><strong>inchoata</strong></span> <span class='ocrx_word' id='word_1_249' title='bbox 1133 3453 1257 3519; x_wconf 83' lang='lat' dir='ltr'><strong>perlicere</strong></span> <span class='ocrx_word' id='word_1_250' title='bbox 1270 3454 1385 3514; x_wconf 86' lang='lat' dir='ltr'><strong>mallent,</strong></span> 
     </span>
     <span class='ocr_line' id='line_1_31' title="bbox 237 3534 1384 3600; baseline -0.001 -16"><span class='ocrx_word' id='word_1_251' title='bbox 237 3535 421 3585; x_wconf 79' lang='lat' dir='ltr'><strong>Constantinus</strong></span> <span class='ocrx_word' id='word_1_252' title='bbox 445 3534 538 3599; x_wconf 88' lang='lat' dir='ltr'><strong>etqui</strong></span> <span class='ocrx_word' id='word_1_253' title='bbox 560 3535 584 3584; x_wconf 89' lang='lat' dir='ltr'><strong>ei</strong></span> <span class='ocrx_word' id='word_1_254' title='bbox 606 3541 789 3584; x_wconf 84' lang='lat' dir='ltr'><strong>successerunt</strong></span> <span class='ocrx_word' id='word_1_255' title='bbox 817 3534 984 3600; x_wconf 83' lang='lat' dir='ltr'><strong>imperatores</strong></span> <span class='ocrx_word' id='word_1_256' title='bbox 1013 3535 1070 3598; x_wconf 75' lang='lat' dir='ltr'><strong>lege</strong></span> <span class='ocrx_word' id='word_1_257' title='bbox 1094 3543 1247 3598; x_wconf 82' lang='lat' dir='ltr'><strong>sanxerunt,</strong></span> <span class='ocrx_word' id='word_1_258' title='bbox 1275 3551 1311 3584; x_wconf 90' lang='lat' dir='ltr'><strong>uo·</strong></span> <span class='ocrx_word' id='word_1_259' title='bbox 1328 3534 1384 3600; x_wconf 89' lang='lat' dir='ltr'><strong>quis</strong></span> 
     </span>
     <span class='ocr_line' id='line_1_32' title="bbox 238 3616 1385 3686; baseline -0.001 -20"><span class='ocrx_word' id='word_1_260' title='bbox 238 3617 350 3666; x_wconf 85' lang='lat' dir='ltr'><strong>iudicum</strong></span> <span class='ocrx_word' id='word_1_261' title='bbox 375 3623 420 3665; x_wconf 85' lang='lat' dir='ltr'><strong>aut</strong></span> <span class='ocrx_word' id='word_1_262' title='bbox 443 3624 571 3666; x_wconf 84' lang='lat' dir='ltr'><strong>&#39;recturum</strong></span> <span class='ocrx_word' id='word_1_263' title='bbox 594 3616 784 3681; x_wconf 82' lang='lat' dir='ltr'><strong>provinciarum</strong></span> <span class='ocrx_word' id='word_1_264' title='bbox 808 3632 873 3666; x_wconf 87' lang='lat' dir='ltr'><strong>nova</strong></span> <span class='ocrx_word' id='word_1_265' title='bbox 898 3631 974 3682; x_wconf 84' lang='lat' dir='ltr'><strong>opera</strong></span> <span class='ocrx_word' id='word_1_266' title='bbox 999 3617 1070 3682; x_wconf 88' lang='lat' dir='ltr'><strong>prius</strong></span> <span class='ocrx_word' id='word_1_267' title='bbox 1088 3617 1213 3682; x_wconf 85' lang='lat' dir='ltr'><strong>inciperet</strong></span> <span class='ocrx_word' id='word_1_268' title='bbox 1231 3631 1385 3686; x_wconf 21' lang='lat' dir='ltr'><strong>qnam-qnae</strong></span> 
     </span>
     <span class='ocr_line' id='line_1_33' title="bbox 237 3695 1383 3763; baseline -0.002 -13"><span class='ocrx_word' id='word_1_269' title='bbox 237 3699 310 3750; x_wconf 85' lang='lat' dir='ltr'><strong>senio</strong></span> <span class='ocrx_word' id='word_1_270' title='bbox 331 3697 399 3748; x_wconf 86' lang='lat' dir='ltr'><strong>victa</strong></span> <span class='ocrx_word' id='word_1_271' title='bbox 418 3704 535 3763; x_wconf 85' lang='lat' dir='ltr'><strong>reperata</strong></span> <span class='ocrx_word' id='word_1_272' title='bbox 555 3705 653 3760; x_wconf 87' lang='lat' dir='ltr'><strong>esseut;</strong></span> <span class='ocrx_word' id='word_1_273' title='bbox 678 3695 709 3747; x_wconf 84' lang='lat' dir='ltr'><strong>cf.</strong></span> <span class='ocrx_word' id='word_1_274' title='bbox 729 3698 784 3748; x_wconf 89' lang='lat' dir='ltr'><strong>cod.</strong></span> <span class='ocrx_word' id='word_1_275' title='bbox 804 3697 899 3748; x_wconf 88' lang='lat' dir='ltr'><strong>Theod.</strong></span> <span class='ocrx_word' id='word_1_276' title='bbox 918 3696 969 3748; x_wconf 87' lang='lat' dir='ltr'><strong>XV</strong></span> <span class='ocrx_word' id='word_1_277' title='bbox 990 3697 1001 3746; x_wconf 98' lang='grc'><strong>1</strong></span> <span class='ocrx_word' id='word_1_278' title='bbox 1028 3699 1058 3748; x_wconf 87' lang='lat' dir='ltr'><strong>de</strong></span> <span class='ocrx_word' id='word_1_279' title='bbox 1078 3713 1116 3762; x_wconf 89' lang='lat' dir='ltr'><strong>op.</strong></span> <span class='ocrx_word' id='word_1_280' title='bbox 1135 3699 1204 3763; x_wconf 93' lang='lat' dir='ltr'><strong>publ.</strong></span> <span class='ocrx_word' id='word_1_281' title='bbox 1225 3699 1239 3748; x_wconf 82' lang='lat'><strong>2</strong></span> <span class='ocrx_word' id='word_1_282' title='bbox 1259 3700 1290 3760; x_wconf 82' lang='grc' dir='ltr'><strong>Ια.</strong></span> <span class='ocrx_word' id='word_1_283' title='bbox 1310 3698 1383 3757; x_wconf 85' lang='grc' dir='ltr'><strong>321Ι;</strong></span> 
     </span>
     <span class='ocr_line' id='line_1_34' title="bbox 238 3777 1385 3845; baseline 0 -15"><span class='ocrx_word' id='word_1_284' title='bbox 238 3781 253 3830; x_wconf 87' lang='lat'><strong>3</strong></span> <span class='ocrx_word' id='word_1_285' title='bbox 272 3779 304 3842; x_wconf 82' lang='lat' dir='ltr'><strong>(a.</strong></span> <span class='ocrx_word' id='word_1_286' title='bbox 324 3779 399 3843; x_wconf 81' lang='grc'><strong>326);</strong></span> <span class='ocrx_word' id='word_1_287' title='bbox 420 3781 457 3831; x_wconf 91' lang='grc' dir='ltr'><strong>Ι11</strong></span> <span class='ocrx_word' id='word_1_288' title='bbox 480 3779 513 3842; x_wconf 84' lang='lat' dir='ltr'><strong>(a.</strong></span> <span class='ocrx_word' id='word_1_289' title='bbox 534 3779 607 3842; x_wconf 79' lang='grc' dir='ltr'><strong>364Ι;</strong></span> <span class='ocrx_word' id='word_1_290' title='bbox 637 3781 665 3828; x_wconf 89' lang='grc'><strong>15</strong></span> <span class='ocrx_word' id='word_1_291' title='bbox 686 3782 718 3842; x_wconf 84' lang='lat' dir='ltr'><strong>(a.</strong></span> <span class='ocrx_word' id='word_1_292' title='bbox 738 3778 810 3845; x_wconf 84' lang='grc'><strong>365);</strong></span> <span class='ocrx_word' id='word_1_293' title='bbox 837 3777 869 3830; x_wconf 84' lang='lat' dir='ltr'><strong>ci.</strong></span> <span class='ocrx_word' id='word_1_294' title='bbox 890 3777 1072 3830; x_wconf 87' lang='lat' dir='ltr'><strong>Gctbolredum</strong></span> <span class='ocrx_word' id='word_1_295' title='bbox 1091 3780 1116 3830; x_wconf 90' lang='lat' dir='ltr'><strong>iu</strong></span> <span class='ocrx_word' id='word_1_296' title='bbox 1137 3787 1276 3830; x_wconf 88' lang='lat' dir='ltr'><strong>commento</strong></span> <span class='ocrx_word' id='word_1_297' title='bbox 1295 3781 1385 3830; x_wconf 89' lang='lat' dir='ltr'><strong>borum</strong></span> 
     </span>
     <span class='ocr_line' id='line_1_35' title="bbox 236 3861 1384 3928; baseline -0.002 -17"><span class='ocrx_word' id='word_1_298' title='bbox 236 3861 307 3912; x_wconf 90' lang='lat' dir='ltr'><strong>titul.</strong></span> <span class='ocrx_word' id='word_1_299' title='bbox 352 3861 395 3911; x_wconf 90' lang='lat' dir='ltr'><strong>Sin</strong></span> <span class='ocrx_word' id='word_1_300' title='bbox 421 3868 504 3912; x_wconf 81' lang='lat' dir='ltr'><strong>autem</strong></span> <span class='ocrx_word' id='word_1_301' title='bbox 529 3862 711 3914; x_wconf 85' lang='lat' dir='ltr'><strong>Constantinus</strong></span> <span class='ocrx_word' id='word_1_302' title='bbox 735 3878 799 3911; x_wconf 87' lang='lat' dir='ltr'><strong>auno</strong></span> <span class='ocrx_word' id='word_1_303' title='bbox 823 3862 872 3910; x_wconf 86' lang='grc'><strong>326</strong></span> <span class='ocrx_word' id='word_1_304' title='bbox 896 3870 997 3927; x_wconf 87' lang='lat' dir='ltr'><strong>proeter</strong></span> <span class='ocrx_word' id='word_1_305' title='bbox 1019 3864 1169 3928; x_wconf 88' lang='lat' dir='ltr'><strong>templorum</strong></span> <span class='ocrx_word' id='word_1_306' title='bbox 1192 3863 1384 3914; x_wconf 83' lang='lat' dir='ltr'><strong>aedificationes</strong></span> 
     </span>
     <span class='ocr_line' id='line_1_36' title="bbox 238 3943 1383 4010; baseline -0.002 -16"><span class='ocrx_word' id='word_1_307' title='bbox 238 3960 304 3994; x_wconf 89' lang='lat' dir='ltr'><strong>nova</strong></span> <span class='ocrx_word' id='word_1_308' title='bbox 325 3959 402 4008; x_wconf 84' lang='lat' dir='ltr'><strong>opera</strong></span> <span class='ocrx_word' id='word_1_309' title='bbox 421 3943 535 3994; x_wconf 84' lang='lat' dir='ltr'><strong>inchoari</strong></span> <span class='ocrx_word' id='word_1_310' title='bbox 554 3951 688 4010; x_wconf 75' lang='lat' dir='ltr'><strong>autequam</strong></span> <span class='ocrx_word' id='word_1_311' title='bbox 707 3951 796 3993; x_wconf 87' lang='lat' dir='ltr'><strong>rctera</strong></span> <span class='ocrx_word' id='word_1_312' title='bbox 815 3951 960 3992; x_wconf 77' lang='lat' dir='ltr'><strong>restaurata</strong></span> <span class='ocrx_word' id='word_1_313' title='bbox 983 3943 1035 3994; x_wconf 89' lang='lat' dir='ltr'><strong>sint</strong></span> <span class='ocrx_word' id='word_1_314' title='bbox 1054 3951 1138 4006; x_wconf 85' lang='lat' dir='ltr'><strong>rotat,</strong></span> <span class='ocrx_word' id='word_1_315' title='bbox 1156 3945 1210 3994; x_wconf 90' lang='lat' dir='ltr'><strong>illis</strong></span> <span class='ocrx_word' id='word_1_316' title='bbox 1228 3943 1383 4010; x_wconf 86' lang='lat' dir='ltr'><strong>temporibus</strong></span> 
     </span>
     <span class='ocr_line' id='line_1_37' title="bbox 237 4024 1266 4092; baseline -0.002 -17"><span class='ocrx_word' id='word_1_317' title='bbox 237 4026 346 4075; x_wconf 89' lang='lat' dir='ltr'><strong>noudum</strong></span> <span class='ocrx_word' id='word_1_318' title='bbox 365 4026 459 4090; x_wconf 85' lang='lat' dir='ltr'><strong>templa</strong></span> <span class='ocrx_word' id='word_1_319' title='bbox 478 4041 570 4076; x_wconf 82' lang='lat' dir='ltr'><strong>eversa</strong></span> <span class='ocrx_word' id='word_1_320' title='bbox 590 4024 671 4076; x_wconf 85' lang='lat' dir='ltr'><strong>luisse</strong></span> <span class='ocrx_word' id='word_1_321' title='bbox 690 4034 803 4090; x_wconf 85' lang='lat' dir='ltr'><strong>apertum</strong></span> <span class='ocrx_word' id='word_1_322' title='bbox 824 4032 872 4076; x_wconf 89' lang='lat' dir='ltr'><strong>est.</strong></span> <span class='ocrx_word' id='word_1_323' title='bbox 910 4025 974 4076; x_wconf 86' lang='lat' dir='ltr'><strong>Vide</strong></span> <span class='ocrx_word' id='word_1_324' title='bbox 993 4041 1038 4076; x_wconf 89' lang='lat' dir='ltr'><strong>uus</strong></span> <span class='ocrx_word' id='word_1_325' title='bbox 1058 4041 1080 4092; x_wconf 87' lang='lat' dir='ltr'><strong>p.</strong></span> <span class='ocrx_word' id='word_1_326' title='bbox 1102 4024 1131 4076; x_wconf 90' lang='grc'><strong>12</strong></span> <span class='ocrx_word' id='word_1_327' title='bbox 1150 4026 1207 4076; x_wconf 87' lang='lat' dir='ltr'><strong>adu.</strong></span> <span class='ocrx_word' id='word_1_328' title='bbox 1229 4025 1266 4074; x_wconf 86' lang='grc'><strong>16.</strong></span> 
     </span>
    </p>

    <p class='ocr_par' dir='ltr' id='par_1_11' title="bbox 237 4104 1384 4334">
     <span class='ocr_line' id='line_1_38' title="bbox 305 4104 1383 4170; baseline -0.003 -14"><span class='ocrx_word' id='word_1_329' title='bbox 305 4107 337 4170; x_wconf 81' lang='lat'><strong>⁷¹)</strong></span> <span class='ocrx_word' id='word_1_330' title='bbox 355 4105 372 4156; x_wconf 90' lang='grc'><strong>1.</strong></span> <span class='ocrx_word' id='word_1_331' title='bbox 391 4105 419 4156; x_wconf 89' lang='lat' dir='ltr'><strong>R.</strong></span> <span class='ocrx_word' id='word_1_332' title='bbox 439 4105 470 4156; x_wconf 88' lang='lat' dir='ltr'><strong>N.</strong></span> <span class='ocrx_word' id='word_1_333' title='bbox 491 4107 570 4158; x_wconf 83' lang='lat'>5501:</span> <span class='ocrx_word' id='word_1_334' title='bbox 595 4143 641 4157; x_wconf 86' lang='lat'><strong>...</strong></span> <span class='ocrx_word' id='word_1_335' title='bbox 663 4107 787 4157; x_wconf 81' lang='lat' dir='ltr'><strong>Octavios</strong></span> <span class='ocrx_word' id='word_1_336' title='bbox 808 4107 925 4168; x_wconf 84' lang='lat' dir='ltr'><strong>Lacua[s]</strong></span> <span class='ocrx_word' id='word_1_337' title='bbox 942 4105 946 4169; x_wconf 93' lang='grc' dir='ltr'>Ι</span> <span class='ocrx_word' id='word_1_338' title='bbox 963 4143 968 4154; x_wconf 94' lang='grc'><strong><em>.</em></strong></span> <span class='ocrx_word' id='word_1_339' title='bbox 983 4143 1008 4156; x_wconf 91' lang='grc'><strong>..</strong></span> <span class='ocrx_word' id='word_1_340' title='bbox 1029 4104 1168 4156; x_wconf 85' lang='lat' dir='ltr'><strong>Ccrrarius</strong></span> <span class='ocrx_word' id='word_1_341' title='bbox 1188 4105 1214 4156; x_wconf 89' lang='lat' dir='ltr'><strong>P.</strong></span> <span class='ocrx_word' id='word_1_342' title='bbox 1234 4104 1250 4154; x_wconf 85' lang='lat' dir='ltr'><strong>l.</strong></span> <span class='ocrx_word' id='word_1_343' title='bbox 1267 4105 1271 4170; x_wconf 92' lang='grc' dir='ltr'>Ι</span> <span class='ocrx_word' id='word_1_344' title='bbox 1287 4104 1329 4155; x_wconf 93' lang='grc'><strong>1111</strong></span> <span class='ocrx_word' id='word_1_345' title='bbox 1342 4104 1383 4153; x_wconf 87' lang='lat' dir='ltr'><strong>vir</strong></span> 
     </span>
     <span class='ocr_line' id='line_1_39' title="bbox 237 4186 1384 4255; baseline -0.002 -17"><span class='ocrx_word' id='word_1_346' title='bbox 237 4190 320 4255; x_wconf 84' lang='lat' dir='ltr'><strong>quinq.</strong></span> <span class='ocrx_word' id='word_1_347' title='bbox 337 4187 342 4253; x_wconf 94' lang='grc' dir='ltr'>Ι</span> <span class='ocrx_word' id='word_1_348' title='bbox 359 4189 423 4238; x_wconf 78' lang='lat' dir='ltr'><strong>riam</strong></span> <span class='ocrx_word' id='word_1_349' title='bbox 444 4195 501 4252; x_wconf 85' lang='lat' dir='ltr'><strong>post</strong></span> <span class='ocrx_word' id='word_1_350' title='bbox 518 4189 690 4255; x_wconf 76' lang='lat' dir='ltr'><strong>Capitoliulru]</strong></span> <span class='ocrx_word' id='word_1_351' title='bbox 707 4189 711 4253; x_wconf 96' lang='grc' dir='ltr'>Ι</span> <span class='ocrx_word' id='word_1_352' title='bbox 726 4189 801 4240; x_wconf 90' lang='lat' dir='ltr'><strong>silice</strong></span> <span class='ocrx_word' id='word_1_353' title='bbox 821 4189 1001 4250; x_wconf 71' lang='lat' dir='ltr'><strong>sternendbun]</strong></span> <span class='ocrx_word' id='word_1_354' title='bbox 1029 4203 1061 4237; x_wconf 80' lang='lat' dir='ltr'><strong>er</strong></span> <span class='ocrx_word' id='word_1_355' title='bbox 1080 4187 1102 4237; x_wconf 91' lang='lat' dir='ltr'><strong>d.</strong></span> <span class='ocrx_word' id='word_1_356' title='bbox 1122 4186 1145 4237; x_wconf 91' lang='lat' dir='ltr'><strong>d.</strong></span> <span class='ocrx_word' id='word_1_357' title='bbox 1165 4203 1187 4254; x_wconf 90' lang='lat' dir='ltr'><strong>p.</strong></span> <span class='ocrx_word' id='word_1_358' title='bbox 1201 4203 1229 4252; x_wconf 92' lang='lat' dir='ltr'><strong>p.</strong></span> <span class='ocrx_word' id='word_1_359' title='bbox 1246 4186 1250 4252; x_wconf 94' lang='grc' dir='ltr'>Ι</span> <span class='ocrx_word' id='word_1_360' title='bbox 1267 4188 1384 4238; x_wconf 88' lang='lat' dir='ltr'><strong>locarunt</strong></span> 
     </span>
     <span class='ocr_line' id='line_1_40' title="bbox 238 4270 558 4334; baseline 0 -16"><span class='ocrx_word' id='word_1_361' title='bbox 238 4270 371 4334; x_wconf 74' lang='lat' dir='ltr'><strong>idemqlue]</strong></span> <span class='ocrx_word' id='word_1_362' title='bbox 393 4271 558 4334; x_wconf 59' lang='lat' dir='ltr'><strong>probabunt}</strong></span> 
     </span>
    </p>

    <p class='ocr_par' dir='ltr' id='par_1_12' title="bbox 237 4349 1384 4500">
     <span class='ocr_line' id='line_1_41' title="bbox 305 4349 1384 4416; baseline -0.001 -16"><span class='ocrx_word' id='word_1_363' title='bbox 305 4350 336 4413; x_wconf 77' lang='lat'><strong>⁷²)</strong></span> <span class='ocrx_word' id='word_1_364' title='bbox 355 4352 419 4416; x_wconf 86' lang='lat' dir='ltr'><strong>apud</strong></span> <span class='ocrx_word' id='word_1_365' title='bbox 439 4352 553 4402; x_wconf 79' lang='lat' dir='ltr'><strong>bolland.</strong></span> <span class='ocrx_word' id='word_1_366' title='bbox 568 4350 624 4402; x_wconf 74' lang='lat' dir='ltr'><strong>liat.</strong></span> <span class='ocrx_word' id='word_1_367' title='bbox 638 4351 714 4402; x_wconf 85' lang='lat' dir='ltr'><strong>Maiis</strong></span> <span class='ocrx_word' id='word_1_368' title='bbox 732 4353 822 4415; x_wconf 85' lang='lat' dir='ltr'><strong>(meus.</strong></span> <span class='ocrx_word' id='word_1_369' title='bbox 842 4351 904 4402; x_wconf 85' lang='lat' dir='ltr'><strong>Maii</strong></span> <span class='ocrx_word' id='word_1_370' title='bbox 923 4358 974 4402; x_wconf 87' lang='lat' dir='ltr'><strong>tom</strong></span> <span class='ocrx_word' id='word_1_371' title='bbox 993 4349 1013 4400; x_wconf 95' lang='lat' dir='ltr'><strong>ll</strong></span> <span class='ocrx_word' id='word_1_372' title='bbox 1032 4366 1087 4416; x_wconf 75' lang='lat' dir='ltr'><strong>pag.</strong></span> <span class='ocrx_word' id='word_1_373' title='bbox 1102 4351 1204 4416; x_wconf 77' lang='lat' dir='ltr'><strong>lrsq.);</strong></span> <span class='ocrx_word' id='word_1_374' title='bbox 1222 4349 1253 4401; x_wconf 85' lang='lat' dir='ltr'><strong>cf.</strong></span> <span class='ocrx_word' id='word_1_375' title='bbox 1273 4349 1384 4414; x_wconf 81' lang='lat' dir='ltr'><strong>Ugbellii</strong></span> 
     </span>
     <span class='ocr_line' id='line_1_42' title="bbox 237 4431 693 4500; baseline 0.004 -19"><span class='ocrx_word' id='word_1_376' title='bbox 237 4431 292 4483; x_wconf 84' lang='lat' dir='ltr'><strong>ital.</strong></span> <span class='ocrx_word' id='word_1_377' title='bbox 312 4449 377 4483; x_wconf 89' lang='lat' dir='ltr'><strong>sacr.</strong></span> <span class='ocrx_word' id='word_1_378' title='bbox 396 4441 455 4482; x_wconf 89' lang='lat' dir='ltr'><strong>lom.</strong></span> <span class='ocrx_word' id='word_1_379' title='bbox 477 4433 529 4483; x_wconf 78' lang='lat' dir='ltr'><strong>l&#39;lll</strong></span> <span class='ocrx_word' id='word_1_380' title='bbox 548 4451 570 4500; x_wconf 90' lang='lat' dir='ltr'><strong>p.</strong></span> <span class='ocrx_word' id='word_1_381' title='bbox 590 4434 693 4494; x_wconf 73' lang='grc'><strong>265166.</strong></span> 
     </span>
    </p>
   </div>
   <div class='ocr_carea' id='block_1_11' title="bbox 0 0 1550 5110">
    <p class='ocr_par' dir='ltr' id='par_1_13' title="bbox 0 0 1550 5110">
     <span class='ocr_line' id='line_1_43' title="bbox 0 0 1550 5110; baseline 0 0"><span class='ocrx_word' id='word_1_382' title='bbox 0 0 1550 5110; x_wconf 95' lang='lat' dir='ltr'><strong> </strong></span> 
     </span>
    </p>
   </div>
  </div>
 </body>
</html>
