3114 5110
626 337 846 398 ..71-

166 513 291 576 Narrant
315 513 395 576 enim
418 531 498 574 anno
521 532 551 593 p.
572 513 639 576 Chr.
664 513 723 574 291
749 519 872 593 propter
893 513 1066 595 frequentes
1088 515 1238 578 Gallorum
1261 523 1312 579 tn-

165 613 275 674 multus
297 611 421 691 legionis
442 613 599 674 Thebanae
621 619 763 691 quattuor
784 611 922 674 cohortes
945 613 982 675 ab
1006 613 1122 676 oriente
1144 615 1309 688 accersitas,

164 712 243 791 quod
265 711 297 772 iu
320 730 425 790 campo
440 711 542 773 Martis
565 711 625 772 lovi
647 711 809 772 sacrificare
833 719 862 774 et
884 713 942 774 lide
958 712 1123 774 Christiana
1147 713 1311 776 desciscere

165 810 290 883 nollent,
312 829 328 872 a
346 810 518 882 Riotiovaro,
535 810 724 872 Trevirorum
740 809 899 889 praelecto,
919 811 1000 872 iuxta
1015 811 1189 890 Capitolium
1207 830 1311 890 magna

165 909 255 970 mede
276 908 353 970 lacta
376 925 442 968 esse
465 907 586 970 occisas.
630 908 711 970 ldem
735 908 912 988 Capitolium
935 909 966 968 in
990 908 1141 970 ecclesiam
1164 929 1187 970 s.
1204 909 1312 972 Mariae

165 1015 457 1087 posteaconversum
471 1007 664 1085 martyriique
675 1006 773 1067 locum
791 1007 881 1068 litus
894 1007 935 1068 ad
955 1007 1126 1068 martires
1150 1027 1217 1089 esse
1232 1028 1312 1072 nnn-

164 1103 375 1185 cupatum²⁰⁸).
394 1104 646 1182 Videamusigitur
656 1105 796 1184 primuni,
812 1104 1130 1184 quidstatuendumsit
1141 1107 1176 1166 de
1189 1107 1311 1170 historia

163 1203 394 1274 fabulosissima,
419 1203 525 1264 deinde
548 1203 597 1264 illo
619 1204 683 1264 loco
700 1202 878 1282 Capitolium
901 1202 991 1264 luisse
1014 1212 1131 1266 rectene
1147 1223 1180 1266 se
1195 1205 1310 1268 babeat.

163 1306 287 1366 Postero
311 1303 374 1374 die,
397 1311 526 1381 pergunt
548 1311 639 1380 gesta,
665 1321 680 1364 a
703 1302 869 1364 Rictiovaro
892 1302 1082 1376 Palmatium,
1106 1306 1259 1366 consulem
1281 1313 1312 1367 et

164 1403 324 1484 patricium
348 1401 480 1471 civitatis,
505 1419 562 1462 una
586 1420 653 1462 cum
678 1401 816 1462 undecim
839 1401 1026 1462 senatoribus
1051 1403 1155 1464 eadem
1171 1403 1208 1464 de
1224 1423 1311 1466 causa

163 1502 343 1565 trucidatum
369 1519 434 1562 esse
456 1517 511 1560 nec
533 1499 616 1578 prius
638 1499 720 1560 illum
743 1499 935 1579 acquievisse,
958 1499 1030 1560 dum
1052 1501 1141 1562 tertio
1159 1502 1205 1564 die
1221 1502 1310 1564 etiam

164 1600 292 1662 maxima
322 1599 416 1680 plebis
447 1617 516 1678 pars
549 1598 743 1660 occideretur.
799 1597 913 1659 Paucos
947 1599 984 1658 de
1015 1599 1105 1660 caede
1134 1601 1311 1680 superstites

163 1717 288 1779 corpora
315 1697 486 1778 sepelivisse
516 1705 547 1757 et
574 1705 727 1775 puteum
755 1697 935 1776 quendam
963 1696 1132 1775 ingentis
1160 1699 1311 1778 capaci·

163 1798 256 1860 tatis
287 1815 390 1858 eorum
425 1795 540 1858 ossibus
568 1795 735 1874 replevisse.
791 1795 912 1856 Praeter
944 1795 1092 1876 Thyraum
1126 1797 1310 1859 Bonilacium

163 1897 296 1958 Cassium
318 1895 524 1956 Florentinum
548 1894 715 1954 Gereouem
740 1893 896 1965 Victorem,
919 1894 1088 1956 cohortium
1104 1895 1310 1958 Thebanarum

163 1999 343 2076 praefectos,
376 2001 546 2054 sanctorum
575 1991 626 2071 qui
655 1993 748 2052 altero
775 1992 822 2053 die
844 1990 982 2054 trucidati
1004 1993 1166 2054 traduntur
1187 1994 1310 2056 nomina

163 2095 330 2156 atteruntur
364 2092 452 2154 haec:
498 2089 656 2152 Palmatius
695 2089 883 2152 Constantius
921 2090 1085 2152 Maxentius
1123 2092 1311 2154 Crescentius

163 2193 294 2255 lustinus
322 2190 456 2254 Leander
483 2190 646 2252 Alexander
674 2189 780 2250 Sother
812 2189 969 2262 Hormisda
997 2189 1133 2269 Papirius
1164 2191 1311 2254 Constans

162 2291 308 2354 lovianus.
353 2290 394 2350 hc
422 2289 552 2368 primum
576 2288 696 2367 quidem
721 2288 885 2348 tenendum
907 2295 962 2361 est,
990 2307 1058 2350 cum
1082 2288 1145 2350 eius
1168 2290 1312 2352 aetatiea

163 2381 358 2469 scriptoribus
387 2397 486 2450 tantae
514 2388 609 2450 caedis
637 2388 716 2448 nulla
746 2389 797 2448 liat
825 2387 936 2448 mentio
962 2395 993 2448 at
1014 2395 1117 2448 contra
1141 2387 1312 2450 Lactantius

163 2489 214 2567 (de
240 2496 329 2548 mort.
353 2505 465 2566 perseo.
491 2505 516 2546 c.
538 2487 590 2559 15)
620 2485 855 2548 Christianorum
883 2485 1119 2563 persecutionem
1152 2505 1213 2548 non
1243 2505 1312 2566 per·

166 2588 292 2648 tinuisse
314 2586 413 2646 tradat
436 2587 470 2646 ad
495 2585 627 2657 Galliam,
649 2585 700 2644 illo
723 2595 856 2662 tempore
877 2584 935 2644 tale
957 2584 1072 2646 lacinus
1095 2584 1229 2646 accidere
1250 2601 1313 2646 non

165 2685 308 2766 potuisse.
343 2685 429 2758 Quod
452 2684 477 2744 si
500 2693 685 2764 compertum
709 2683 882 2744 habuissent
897 2682 942 2743 rei
957 2683 1169 2746 ecclesiasticae
1185 2684 1314 2763 scripto·

164 2805 221 2857 res,
245 2803 312 2846 cum
326 2785 355 2846 id
368 2802 461 2846 uuum
474 2791 604 2862 agerent,
620 2793 654 2844 ut
665 2790 793 2855 soractae,
817 2791 1008 2862 quotcunque
1020 2792 1153 2862 possent,
1172 2792 1314 2864 martyres

165 2883 279 2964 ubique
301 2883 333 2944 in
356 2884 450 2944 lucem
474 2890 564 2962 atque
586 2882 688 2942 oculos
711 2881 868 2942 hominum
887 2879 1006 2958 prodire
1021 2890 1168 2958 cogerent,
1191 2882 1314 2944 minime

165 2985 300 3046 futurum
321 2981 413 3043 luisse
429 2989 567 3060 putamus
583 2989 616 3040 ut
629 2980 760 3042 silerent.
789 2979 846 3039 Sed
864 2979 943 3056 quod
956 2977 1182 3047 marimumest,
1201 2999 1236 3040 eo
1247 2979 1314 3058 ipso

166 3091 315 3161 tempore,
343 3099 410 3141 cum
433 3086 496 3139 tota
518 3079 621 3140 civitas
644 3098 679 3140 ex
702 3096 785 3138 more
809 3076 929 3155 antiqno
952 3075 1014 3139 lovi
1037 3077 1229 3142 sacrificando
1252 3098 1313 3140 raon

167 3177 399 3253 desisteretllll,
422 3186 537 3238 tantum
561 3177 617 3238 iam
642 3177 731 3238 luisse
748 3176 981 3238 Christianorum
1005 3195 1166 3238 numerum
1191 3195 1252 3238 non
1275 3177 1314 3239 ita

166 3279 226 3340 veri
256 3277 351 3339 simile
386 3277 502 3338 videtur
530 3295 604 3337 esee.
663 3276 747 3338 Unde
782 3275 921 3346 efficitur,
955 3283 989 3336 ut
1022 3276 1223 3338 narrationem
1258 3276 1314 3336 hde

166 3377 307 3438 historica
330 3393 391 3436 non
414 3375 601 3454 comprobari
625 3392 809 3436 censeamus.
847 3373 975 3444 Accedit,
999 3373 1077 3452 quod
1101 3373 1223 3435 nomina
1245 3391 1314 3436 san-

166 3485 292 3547 ctorum,
316 3493 389 3552 quae
412 3492 501 3552 supra
524 3472 686 3545 nominavi,
710 3491 801 3551 usque
824 3472 858 3532 ad
879 3471 907 3531 id
924 3479 1042 3550 tempus
1056 3471 1159 3550 ignota
1175 3472 1206 3532 in
1222 3475 1314 3534 laetos

166 3574 235 3636 inde
257 3592 273 3633 a
297 3573 413 3636 saeculo
431 3571 481 3631 Xll
504 3571 685 3650 conscriptos
708 3568 962 3650 irrepserunuw).
1002 3570 1314 3632 Cumenima.1072

235 3711 277 3772 ²⁸⁸)
296 3709 330 3760 ib.
355 3726 378 3774 p.
399 3708 459 3758 150:
483 3707 539 3773 „le
565 3707 605 3757 bis
628 3706 769 3758 innumeris
792 3713 862 3756 tanta
887 3706 1023 3756 multitudo
1047 3707 1078 3756 ad
1101 3706 1165 3758 litua
1190 3707 1314 3758 Mosellae

168 3794 239 3844 iuxta
259 3790 412 3857 Capitolium
430 3789 591 3840 martirizata
615 3795 662 3850 est,
686 3797 715 3840 ut
737 3787 840 3850 sanguis
863 3787 943 3838 rivuli
966 3789 1106 3838 detinentes
1129 3788 1156 3838 in
1182 3788 1315 3838 Mosellam

63 3879 66 3886 '
168 3887 247 3939 aquae
266 3871 387 3938 permixti
406 3887 460 3922 eam
478 3872 504 3922 in
523 3887 595 3921 suom
614 3871 726 3922 colorem
745 3877 936 3932 converterent,
954 3877 984 3920 ut
1002 3869 1115 3920 naturali
1134 3869 1256 3920 claritate
1275 3883 1316 3918 re·

167 3962 236 4006 mota
252 3954 389 4020 peregrino
408 3953 488 4016 magis
507 3967 579 4017 quam
599 3952 701 4018 proprio
715 3950 802 4002 colore
816 3951 956 4001 ruberent.
971 3987 997 4002 ..
1018 3951 1069 4001 lloo
1082 3950 1147 4000 idern
1161 3951 1315 4016 Capitolium

168 4043 257 4102 postea
275 4035 302 4086 in
320 4035 441 4084 honorem
460 4034 501 4084 dei
519 4033 660 4096 genetricis
683 4047 829 4097 semperque
852 4031 965 4093 virginis
988 4031 1087 4082 Mariae
1111 4038 1151 4081 est
1173 4032 1315 4084 dedicatum

169 4118 269 4183 etipse
288 4117 358 4167 locus
378 4116 408 4166 ob
428 4115 573 4166 memoriam
593 4115 725 4166 martirum
743 4115 806 4164 litus
825 4114 856 4164 ad
874 4113 995 4164 martires
1014 4128 1102 4164 nomen
1122 4113 1247 4180 accepit“.

236 4199 279 4262 ²⁸⁹)
299 4197 415 4248 Mamert.
434 4212 554 4264 panegyr.
575 4196 681 4246 Maxim.
700 4198 764 4256 Aug.
783 4211 805 4260 p.
821 4195 862 4258 94,
876 4194 909 4246 26
927 4193 960 4244 al.
978 4192 1028 4258 (ed.
1049 4195 1202 4254 Baehrens).
1252 4222 1254 4228 ·

237 4281 280 4342 ²²⁰)
299 4279 389 4340 Linde,
407 4279 458 4328 Der
476 4278 691 4342 lla-eoleohorzog
709 4276 874 4327 llictiovarus
898 4277 948 4326 und
966 4275 1007 4326 die
1027 4273 1151 4328 Trevirer
1169 4275 1317 4344 Maertyrer

168 4362 258 4424 (Trica
278 4362 353 4424 1852)
372 4377 394 4426 p.
411 4359 517 4411 13-15.
