3086 5110
729 323 926 388 ..g-

343 502 489 577 Quoniam
518 501 577 564 dixi
601 501 637 563 de
659 501 791 564 nummis
813 517 893 564 nune
915 519 1012 564 sermo
1035 501 1086 564 liat
1113 499 1150 561 de
1178 517 1277 564 rerum
1306 501 1416 583 scrip-

257 603 385 674 toribus3
412 600 520 681 quibus
543 609 618 680 quot
642 600 802 662 debeamus
826 601 1035 680 Capitoliorum
1060 601 1218 663 relationes
1240 611 1414 682 antequam

257 719 414 784 exponam,
438 700 507 779 quid
530 699 704 762 vocabulum
725 701 860 780 Capitolii
883 699 1029 778 significet
1051 700 1151 780 paucio
1174 719 1316 780 quaerere
1340 721 1414 764 non

258 818 511 882 supervacaneum
536 817 601 860 esse
623 799 766 860 videatur.
809 799 862 860 Est
884 798 963 860 enim
987 817 1097 860 nomen
1122 799 1229 860 montis
1246 799 1416 880 Capitolini

259 902 299 962 ita
316 900 477 960 formatum
495 907 528 960 ut
551 918 576 959 e.
589 917 615 976 g.
639 897 748 958 montis
772 896 896 958 Palatini
913 897 1056 976 Esquilini
1072 898 1241 975 Aventiui⁴l
1263 899 1416 980 idemque

258 1001 305 1061 ille
328 999 416 1060 traxit
439 1017 473 1057 ex
496 997 605 1077 templo
629 996 704 1057 lovis
728 996 848 1056 lunonis
871 995 1033 1069 Minervae,
1062 998 1140 1076 quod
1164 1015 1312 1060 unacum
1336 1017 1415 1062 area

259 1099 354 1160 muris
383 1097 578 1160 circumclusa
602 1096 791 1175 singulariter
818 1095 951 1175 Capitolii
981 1098 1101 1158 nomine
1129 1106 1268 1160 ornatum
1299 1100 1414 1178 erat⁵).

259 1197 345 1270 Quod
361 1215 429 1257 cum
446 1195 482 1256 ab
500 1215 565 1256 arce
580 1195 620 1256 ita
635 1195 751 1256 dilleret
766 1203 799 1256 ut
814 1195 1036 1258 meridionalem
1053 1197 1126 1258 baec
1140 1199 1413 1276 septentrionalem

260 1294 372 1358 montis
380 1303 493 1374 partem
507 1301 665 1374 occuparet
676 1294 994 1374 posteristemporibus
1003 1295 1123 1356 nomine
1132 1297 1206 1357 arcis
1218 1315 1253 1356 ex
1262 1297 1416 1359 memoria

260 1402 455 1456 evanescente
479 1393 614 1473 Capitolii
630 1413 684 1454 vox
706 1401 856 1474 tamquam
880 1413 947 1473 pars
970 1395 1070 1474 potior
1091 1395 1126 1455 ad
1149 1403 1245 1456 totum
1270 1405 1413 1458 montem
1515 1471 1516 1478 ἵ

263 1492 487 1572 significandum
512 1510 644 1552 ererum
662 1493 855 1572 scriptoribus
872 1499 1011 1571 usurpata
1035 1500 1086 1554 est.
1133 1493 1232 1572 Neque
1247 1514 1317 1555 vero
1333 1497 1414 1575 quin

260 1592 332 1653 illud
356 1589 530 1652 vocabulum
555 1609 622 1650 vere
646 1590 783 1652 Latinum
807 1591 846 1651 sit
868 1591 1012 1652 dubitatio
1036 1609 1100 1652 esse
1122 1591 1261 1670 polesot).

346 1690 398 1751 llis
426 1689 517 1768 igitur
550 1689 712 1768 propositis
747 1689 957 1768 Capitoliorum
993 1677 1213 1768 provincialium
1248 1692 1412 1754 relationes

261 1809 328 1853 cum
352 1789 387 1849 ad
411 1807 502 1849 unam
534 1806 636 1848 omnes
666 1787 813 1868 pendeant
843 1807 857 1848 a
886 1787 1080 1868 scriptoribus
1110 1798 1279 1868 argenteae,
1307 1798 1339 1850 ut
1368 1793 1412 1853 ita

263 1889 375 1960 dicam,
405 1886 573 1958 latinitatis,
609 1904 665 1964 qna
694 1887 810 1948 ratione
833 1886 873 1947 illi
895 1886 1036 1948 vocabulo
1059 1887 1104 1948 usi
1127 1888 1187 1948 sint
1210 1889 1335 1966 agedum
1359 1889 1412 1950 in-

262 1987 421 2068 quiramus.
466 1985 508 2046 Ac
530 1984 658 2065 primum
683 1985 803 2063 quidem
828 1983 990 2046 tenendum
1016 2003 1110 2063 usque
1133 1985 1168 2045 ad
1185 1985 1410 2048 Antoninorum

261 2089 323 2148 lere
352 2093 486 2163 tempora
515 2083 590 2162 apud
621 2101 722 2143 rerum
748 2083 907 2162 scriptores
931 2080 1065 2160 Capitolii
1088 2082 1211 2143 nomine
1233 2083 1305 2143 nibil
1329 2085 1411 2146 aliud

262 2185 320 2246 nisi
344 2183 487 2262 templum
511 2182 588 2243 lovis
603 2182 725 2242 lunonis
749 2183 895 2242 Minervae
918 2181 1087 2258 significari.
1125 2182 1162 2240 At
1177 2182 1232 2241 sub
1249 2191 1410 2245 exeuntem

263 2283 469 2361 antiquitatem
493 2299 559 2340 cum
584 2281 708 2342 deorum
732 2281 965 2359 Capitolinorum
988 2281 1085 2340 cultus
1108 2297 1161 2358 per
1184 2288 1279 2340 toturn
1303 2282 1410 2343 orbem

263 2382 431 2462 Romanum
466 2378 676 2440 disseminatus
709 2387 789 2439 tanta
817 2379 991 2440 auctoritate
1020 2385 1049 2437 et
1077 2378 1190 2438 bonore
1220 2388 1352 2440 uteretur
1374 2390 1413 2442 ut

263 2480 394 2560 luppiter
421 2479 602 2558 Capitolinus
625 2476 697 2538 κατ’
721 2474 835 2560 ἐξοχὴν
858 2477 955 2538 ornaris
977 2476 1127 2555 religionis
1150 2477 1299 2538 Romanae
1322 2497 1409 2540 sunr-

333 2736 399 2786 Ludi
413 2735 552 2802 Capitolini
570 2749 625 2784 enm
645 2749 674 2783 ea
693 2740 778 2784 aetate
796 2733 982 2798 Aphrodisiade
995 2739 1021 2782 ct
1033 2733 1162 2798 Heliopoli
1175 2741 1292 2797 egenter,
1305 2751 1352 2784 non
1367 2745 1409 2786 est

264 2819 423 2882 cogitandum
448 2818 478 2865 de
501 2816 556 2865 illis
580 2815 622 2880 qui
648 2814 789 2880 antiquitus
813 2814 906 2864 Romae
930 2815 956 2863 in
981 2814 1107 2878 Capitolio
1130 2814 1187 2864 lieri
1214 2815 1330 2864 solebant
1352 2817 1406 2878 (vd.

263 2901 373 2952 Preller.
393 2900 471 2966 myth.
489 2897 537 2947 ll.⁸
554 2914 577 2963 p.
591 2896 639 2946 228
650 2899 708 2962 eq).
744 2895 849 2946 Rectius
869 2895 1009 2946 imitationi
1021 2894 1101 2946 luisse
1115 2895 1316 2946 existimabimus
1333 2897 1405 2948 ludos

264 2998 327 3048 quos
346 2997 410 3031 auno
436 2998 457 3047 p.
479 2979 536 3030 Clar.
557 2980 589 3030 so
613 2979 772 3029 Domitianus
790 2978 956 3040 institueret,
979 2978 1004 3027 in
1030 2978 1119 3042 quibus
1143 2978 1247 3040 agendis
1267 2981 1404 3030 certamina

265 3071 290 3112 et
308 3063 404 3111 musica
424 3071 451 3112 et
469 3063 586 3128 gymnica
606 3061 685 3110 luisse
703 3060 797 3110 seimus
820 3061 869 3120 (vd.
890 3059 1080 3110 Friedlaenderi
1103 3059 1196 3108 librum
1215 3059 1257 3108 eui
1274 3060 1406 3124 inscripsit

264 3143 494 3205 Sittengesebiobte
513 3142 588 3191 Roma
607 3142 658 3192 vol.
672 3140 710 3191 11⁶
728 3138 891 3206 ,1111111ι
909 3155 932 3204 p.
946 3139 995 3189 319
1006 3141 1062 3205 sq).
1098 3141 1184 3190 Aliter
1202 3155 1229 3190 se
1247 3141 1341 3192 habent
1352 3141 1404 3192 ludi

264 3239 325 3290 quos
344 3224 368 3271 iu
389 3223 489 3272 colonia
508 3222 572 3272 lulia
591 3222 711 3272 Genitiva
732 3221 871 3273 Ursoncnsi
889 3221 931 3270 lex
950 3221 1065 3271 coloniae
1089 3220 1142 3271 lovi
1164 3219 1253 3271 lunoni
1273 3222 1404 3274 Minervae

264 3305 373 3355 edendos
392 3312 465 3354 curat
477 3305 530 3366 (vd.
544 3320 598 3370 cap.
611 3302 686 3354 Lxx
699 3310 725 3353 et
739 3301 823 3352 LXXI
837 3303 862 3352 in
877 3303 970 3366 epham.
985 3304 1064 3368 epigr.
1076 3303 1124 3352 vol.
1137 3300 1157 3351 ll
1170 3319 1192 3352 1.
1209 3303 1285 3354 18111
1303 3305 1404 3355 duoviri

264 3425 271 3440 .
286 3426 291 3438 .
307 3401 415 3439 ‚munus
434 3387 540 3436 ludosve
559 3386 692 3436 scaenicos
711 3384 766 3437 lovi
779 3383 866 3434 lunoni
881 3385 1013 3435 Minervae
1026 3385 1080 3435 deis
1094 3383 1235 3450 deabusque
1247 3385 1404 3451 quatriduom

264 3470 361 3519 maiore
380 3475 452 3534 parte
471 3467 540 3517 diei.
557 3503 582 3518 ..
602 3466 733 3533 laniante).
770 3466 819 3532 Qui
845 3483 900 3518 cum
923 3467 1026 3516 dubium
1051 3481 1099 3514 non
1123 3465 1158 3514 sit
1179 3467 1238 3530 quin
1263 3465 1357 3516 luerint
1378 3475 1404 3518 et

265 3549 375 3601 scaenici
395 3557 421 3600 et
439 3549 577 3612 circenses,
596 3549 628 3598 iis
646 3549 767 3598 imitando
787 3549 896 3614 exprimi
909 3549 983 3598 ludos
996 3563 1100 3610 magnos
1112 3547 1137 3596 in
1150 3547 1271 3598 honorem
1285 3546 1403 3614 Capitolii

264 3631 369 3682 llomnni
388 3632 491 3681 deorum
510 3632 644 3681 institutos
663 3631 818 3681 arbitremur
836 3646 941 3681 necesse
959 3637 1008 3681 est.

332 3715 352 3776 ⁴)
372 3712 403 3764 ef.
423 3714 525 3764 Jordan.
545 3711 655 3778 Topogr.
674 3711 750 3764 Urbis
768 3711 862 3762 Romae
881 3713 934 3764 vol.
952 3711 962 3762 l
980 3713 995 3761 2
1015 3727 1037 3777 p.
1052 3711 1128 3776 dsqq.

333 3796 353 3858 ⁵)
372 3793 404 3845 el.
424 3795 603 3845 lllommseuunr
622 3793 686 3842 Ball.
708 3794 770 3844 inst.
790 3810 812 3843 a.
835 3793 899 3844 1845
918 3810 941 3859 p.
962 3794 1056 3859 124sq.
1080 3819 1112 3829 -
1135 3792 1271 3842 Jordannm
1290 3793 1308 3843 l.
1327 3793 1344 3843 l.
1361 3793 1400 3845 11

265 3895 289 3944 p.
308 3877 357 3927 282
376 3875 396 3926 ll
415 3877 473 3926 196.

334 3958 353 4018 ⁸)
373 3957 490 4008 Corssen.
510 3957 576 4007 libro
596 3959 634 4007 cui
655 3958 801 4024 inscripsit:
822 3957 955 4009 llritisebe
967 3957 1113 4022 Nachtriige
1131 3973 1176 4008 zur
1188 3957 1275 4009 latein.
1289 3959 1401 4010 Formen-

265 4040 337 4090 lehre
356 4055 379 4104 p.
399 4039 502 4089 116111
523 4039 642 4089 devonia
666 4039 766 4102 origine
791 4040 909 4090 disserit:
939 4039 1092 4106 Capitolium
1119 4040 1156 4090 ist
1182 4041 1334 4090 eatstanden
1359 4057 1399 4091 ans
1509 4073 1510 4092 1

265 4120 467 4186 Capit-al-inm,
485 4120 569 4170 indam
588 4137 618 4170 an
637 4121 684 4171 deu
704 4121 798 4171 Stamnr
817 4121 948 4187 capit-ali·
967 4122 1011 4171 das
1030 4119 1112 4171 Sultix
1131 4121 1170 4169 -io
1189 4128 1244 4170 trat
1261 4123 1310 4171 und
1329 4123 1370 4172 das
1387 4137 1399 4171 1
1509 4155 1510 4162 .

264 4219 296 4252 zu
315 4219 329 4251 o
348 4202 402 4252 sicb
422 4201 590 4252 verdunlxelte
609 4201 660 4252 wie
675 4203 699 4250 in
714 4207 801 4266 nosco,
823 4203 962 4266 iguo-sco,
980 4202 1082 4266 igno-ro
1097 4201 1176 4251 neben
1189 4206 1306 4265 gnei-rus,
1324 4203 1400 4265 i-gna't·

266 4299 317 4346 res,
343 4282 524 4345 gunnig-are,
547 4283 626 4345 indos,
650 4285 805 4347 saner-do-s,
829 4285 946 4333 dai-num
970 4283 1049 4334 neben
1072 4284 1111 4334 di.
1146 4281 1286 4333 Praeterea
1313 4283 1352 4333 adi
1374 4283 1399 4334 H.

266 4365 402 4426 dordunum
423 4365 448 4414 in
468 4363 574 4415 llermae
594 4365 644 4415 vol.
662 4363 696 4414 lV
716 4381 737 4431 p.
752 4365 801 4416 246
820 4371 846 4415 et
864 4365 974 4431 Topogr.
994 4364 1022 4416 U.
1043 4363 1070 4414 ll.
1090 4363 1099 4413 1
1120 4363 1141 4426 1,
1162 4363 1284 4415 181111.
1304 4365 1343 4415 16.
