3114 5110
698 255 920 320 ..10...

325 436 406 510 Quae
439 454 507 497 oum
540 435 579 496 ita
613 434 673 496 sint
707 442 770 496 acta
802 451 921 512 quoque
948 439 1122 494 sanctorum
1156 432 1264 513 quibus
1291 437 1386 498 semel

239 536 407 614 iterumque
423 535 581 596 Christiani
604 534 636 594 in
659 532 834 612 Capitolium
859 532 938 592 ducti
962 551 1029 592 esse
1052 534 1191 594 feruntur
1207 551 1268 594 non
1284 533 1384 594 omnis

239 635 306 696 tidci
342 634 472 714 expertia
502 642 571 694 sunt
599 651 696 711 neque
727 633 870 693 habemus
892 632 970 712 quod
995 650 1098 692 eorum
1121 632 1283 694 relationes
1306 632 1387 692 velut

239 735 320 796 [ictas
354 734 585 812 vaniloquosque
619 733 687 794 licet
720 732 886 792 cautionem
920 731 1111 793 adhibeamus
1144 751 1159 792 a
1193 733 1294 794 limine
1325 731 1386 792 rei-

239 834 361 894 ciamus.

325 931 384 991 Sed
421 931 545 992 alterum
583 929 651 1008 quid
689 937 781 990 restat
817 938 851 988 ut
885 929 1072 1008 repellamus.
1119 928 1267 990 Vitruvius
1295 931 1385 1004 eninr,

239 1031 290 1110 qui
328 1031 359 1090 in
400 1029 614 1090 architecturae
647 1028 722 1088 libro
756 1027 896 1106 exemplis
929 1027 1012 1088 orbis
1055 1028 1165 1088 Romae
1204 1028 1314 1102 utitur,
1349 1032 1385 1092 ad

239 1129 415 1209 Capitolium
453 1129 620 1188 Romanum
659 1125 820 1205 respiciens
857 1126 919 1186 lovi
956 1125 1063 1186 lunoni
1096 1125 1243 1188 lllinervae
1276 1129 1317 1190 ait
1353 1130 1384 1192 in

239 1228 436 1290 excelsissimo
458 1228 522 1288 loco
546 1226 655 1304 templa
678 1225 798 1298 exstrui,
823 1225 900 1285 unde
917 1225 1042 1286 maxima
1060 1226 1210 1288 moenium
1227 1245 1295 1306 pars
1311 1247 1385 1290 con-

239 1326 438 1408 spiciaturw).
477 1326 562 1398 Quod
585 1325 663 1386 idem
686 1325 718 1384 in
740 1324 906 1404 provinciis,
931 1323 980 1384 ubi
1009 1323 1065 1384 loci
1088 1331 1192 1386 natura
1209 1326 1300 1399 daret,
1323 1327 1386 1388 lae-

239 1437 302 1487 tum
340 1423 531 1503 videmus11).
590 1424 627 1483 at
661 1430 761 1484 contra
800 1431 845 1484 est
877 1422 927 1484 ubi
962 1422 1101 1504 Capitolia
1135 1422 1167 1482 in
1200 1424 1288 1502 plano
1321 1427 1387 1487 solo

238 1525 389 1586 aedificata
412 1523 605 1602 reperiamus.
647 1521 686 1583 lis
702 1521 782 1582 enim
805 1522 837 1582 in
853 1522 978 1602 oppidis,
1003 1540 1078 1600 qaae
1100 1521 1131 1582 in
1147 1522 1267 1603 planitie
1289 1533 1384 1596 erant,

239 1646 262 1685 e.
287 1642 314 1702 g.
337 1623 468 1701 Capuae,
502 1621 686 1691 Florentiae,
709 1621 860 1693 Corinthi,
884 1621 1040 1694 Nemausi,
1070 1621 1251 1682 Vesontione
1275 1623 1331 1684 nisi
1353 1625 1386 1684 in

239 1722 359 1803 planitie
372 1721 485 1782 exstrui
497 1712 562 1781 non
571 1727 722 1798 poterant.
747 1720 816 1780 lnde
828 1729 926 1780 autem
940 1720 1020 1799 quod
1030 1721 1204 1799 Capitolium
1216 1721 1385 1784 Romanum

239 1824 269 1882 in
293 1821 416 1882 editiore
438 1821 502 1880 loco
524 1819 608 1880 urbis
632 1827 814 1880 exstructum
838 1827 867 1880 et
889 1838 976 1880 orons
1000 1819 1180 1899 Capitolinus
1195 1821 1232 1881 ita
1249 1841 1264 1882 a
1281 1832 1386 1885 natura

239 1920 373 1982 munitus
397 1927 459 1980 erat
482 1927 516 1979 ut
535 1918 686 1978 castellum
705 1918 851 1998 quoddam
876 1925 1050 1997 praestaret,
1071 1923 1181 1979 lactum
1198 1927 1243 1980 est
1260 1928 1292 1981 ut
1307 1922 1385 2000 apud

239 2019 400 2098 scriptores
423 2018 495 2078 satis
518 2018 607 2078 rades
631 2017 803 2078 vocabulum
828 2017 962 2096 Capitolii
985 2036 1072 2078 nsum
1101 2018 1175 2079 areis
1201 2019 1245 2078 rel
1274 2021 1386 2082 castelli

239 2116 462 2197 capesseretffl).
724 2119 727 2122 ’

324 2217 405 2288 Quae
428 2217 529 2295 opinio
545 2234 598 2294 per
621 2224 716 2275 totum
740 2215 871 2275 medinm
895 2233 999 2275 aevum
1022 2215 1062 2275 ita
1084 2216 1220 2295 vulgaris,
1243 2225 1276 2278 nt
1296 2237 1387 2298 saepe

238 2333 364 2374 numero
386 2315 412 2374 ei
429 2313 675 2392 occurramus13),
699 2314 772 2374 adeo
788 2331 849 2374 non
872 2312 986 2374 sublata
1009 2313 1214 2389 videturesse,
1231 2323 1264 2376 ut
1280 2318 1386 2378 etiam-

238 2543 316 2592 verba
336 2543 505 2605 intelligenda
524 2549 595 2604 sunt3
614 2541 662 2590 illa
681 2540 744 2589 enirn
765 2541 895 2606 portinere
914 2555 962 2588 aon
976 2541 1006 2589 ad
1023 2540 1177 2606 Capitolium
1190 2541 1388 2609 llliberitanom‚

239 2625 304 2689 quod
324 2625 462 2675 voluerunt
480 2623 605 2674 Rranoius
625 2630 650 2672 et
668 2622 753 2684 Saglio
773 2621 843 2683 (vide
861 2619 942 2684 infra)
965 2623 1009 2672 sed
1028 2624 1057 2671 ad
1078 2624 1208 2688 quodlibet
1232 2625 1387 2691 Capitolium

238 2721 310 2756 nemo
330 2723 380 2756 non
399 2706 477 2755 videt.

307 2802 340 2865 ¹⁰)
359 2802 399 2850 vd.
425 2801 470 2851 lib.
493 2799 504 2850 l
527 2802 581 2851 οἵ
610 2797 642 2850 el.
662 2798 770 2850 Aristid.
791 2805 855 2848 orat.
879 2797 896 2862 l,
922 2800 937 2849 6
966 2799 1014 2860 (εἰς
1037 2799 1119 2862 Δία).·
1148 2795 1194 2858 τὰς
1219 2795 1388 2869 ἀκροπόλεις

237 2883 339 2944 ἐξεῖλον
356 2883 413 2946 Διὶ,
437 2875 505 2954 πρός
522 2899 549 2934 τε
568 2877 597 2932 τὸ
617 2883 664 2933 τοῦ
684 2877 788 2936 παντὸς
807 2877 983 2949 παράδειγμα
1001 2883 1159 2945 βλέποντες,
1187 2877 1228 2934 ὅτι
1251 2875 1287 2947 ἦν
1304 2883 1387 2944 αὐε“ς

237 2967 290 3018 τῶν
307 2963 397 3038 ἄκρων
414 2969 462 3016 τοῦ
479 2961 583 3022 παντὸς
601 2960 717 3035 οἰκήιωρ
735 2971 761 3013 et
780 2971 845 3014 orat.
865 2963 887 3013 ll
908 2964 938 3013 12
957 2963 1007 3028 (εἰς
1022 2959 1169 3028 Ἀθηνᾶνλε
1191 2967 1238 3017 καὶ
1261 2967 1333 3018 εἰσὶν
1354 2967 1387 3017 αἱ

237 3044 328 3103 πόλεις
346 3045 420 3118 δῶρα
433 3044 560 3112 Ἀθηνᾶς·
578 3042 645 3097 ὅθεν
663 3040 695 3110 δὴ
712 3046 758 3095 καὶ
774 3045 921 3112 πολιοῦχος
932 3041 1022 3096 ἅπασι
1040 3045 1172 3112 κέκληται·
1192 3043 1225 3098 ad
1231 3065 1244 3104 ς
1258 3045 1289 3102 δὲ
1300 3047 1383 3119 ἀκρο-

141 3127 144 3132 ’
237 3121 329 3184 πόλεις
346 3129 448 3186 ἐξεῖλον
467 3121 535 3199 αὐτῇ
553 3128 670 3182 δικαίως.

307 3225 337 3285 ¹¹)
358 3222 436 3288 Quam
456 3222 486 3271 ob
505 3238 558 3272 rem
578 3221 732 3286 Capitolium
749 3222 889 3272 ascendere
908 3231 937 3273 ut
961 3224 990 3272 de
1010 3222 1135 3290 Capitolio
1158 3224 1270 3276 Romano
1295 3227 1332 3278 ita
1352 3227 1382 3276 de

238 3305 441 3372 provincialibus
458 3311 585 3368 tamquam
607 3304 672 3352 artis
691 3304 841 3353 vocabulum
861 3305 886 3354 in
906 3320 954 3355 usu
973 3312 1026 3368 est3
1052 3322 1074 3357 c.
1093 3323 1116 3370 g.
1141 3307 1172 3358 oi.
1196 3309 1319 3374 Cypriau.
1338 3309 1384 3359 lib.

238 3389 269 3438 de
281 3389 360 3454 lapsis
372 3387 465 3453 patrol.
479 3385 535 3436 Lat.
548 3402 601 3436 cur.
615 3385 699 3448 llligne
713 3386 765 3436 vol.
778 3385 812 3438 lV
826 3386 874 3436 col.
888 3386 939 3436 484
952 3395 978 3437 et
991 3388 1087 3438 Concil.
1101 3388 1167 3440 lllib.
1181 3405 1259 3455 supra
1271 3390 1386 3440 allatum.

308 3485 339 3547 ¹²)
359 3485 400 3534 vd.
419 3481 569 3549 Hieronymi
588 3489 719 3532 commeat.
742 3481 768 3531 in
786 3482 889 3533 Esaiam
907 3500 928 3533 e.
949 3484 992 3534 13:
1020 3499 1069 3534 arx
1086 3493 1179 3549 autem,
1202 3485 1228 3535 id
1251 3493 1292 3536 est
1310 3485 1390 3552 Capi-⁴

238 3561 600 3627 toliumilliusnrbis31sid.
620 3563 690 3628 Hisp,
709 3563 806 3629 Etym:
825 3579 881 3627 arx,
900 3564 916 3614 i.
937 3581 957 3614 e.
977 3565 1138 3631 Capitolium.

307 3661 340 3724 18)
359 3675 380 3709 e.
400 3675 422 3722 g.
437 3657 591 3724 Capitolium
609 3673 655 3724 pro
674 3659 782 3708 castello
801 3659 936 3710 adhibetur
954 3661 985 3710 ab
999 3660 1123 3712 Ademaro
1137 3661 1279 3713 Cabanensi
1291 3663 1385 3714 histor.

237 3745 282 3794 lib.
301 3741 333 3792 lll
352 3741 397 3791 sub
418 3757 440 3791 a.
462 3739 526 3789 1022
546 3741 620 3806 (apud
639 3740 767 3790 Portzium
786 3740 853 3791 Mon.
872 3740 906 3792 Vl
929 3757 951 3808 p.
968 3743 1039 3806 tam:
1064 3743 1135 3794 Tunc
1153 3744 1276 3810 temporis
1300 3761 1386 3795 eomes

238 3823 434 3889 studegavensis
452 3821 540 3884 Falco,
559 3838 615 3872 cum
633 3822 767 3873 manifeste
785 3838 907 3888 superare
926 3824 1043 3889 nequiret
1060 3824 1198 3876 Arbertum
1216 3827 1386 3877 Cenomanais

239 3907 368 3970 comitem,
392 3905 452 3954 dolo
470 3904 547 3954 acciit
566 3920 622 3954 eum
645 3905 671 3954 in
690 3905 838 3970 capitolium
857 3905 999 3956 Sanetoaae
1022 3906 1094 3956 urbis
1117 3908 1188 3972 quasi
1211 3909 1237 3958 iu
1262 3908 1385 3959 beneficio

238 3991 326 4040 urbem
345 3989 424 4054 ipsam
443 3987 467 4036 ei
485 3988 644 4038 concederet.
680 3987 714 4036 Et
732 3987 861 4037 incautum
880 3995 907 4038 et
925 3988 988 4038 nibil
1002 3989 1060 4038 mali
1072 3989 1245 4055 suspicantem
1258 3991 1384 4041 inclusum

238 4070 360 4137 capitolio
380 4066 485 4119 celanda
505 4083 561 4118 eum
579 4069 655 4134 cepit.
691 4069 740 4118 Pro
760 4069 871 4120 ecelesia
889 4069 1039 4120 vocabulum
1060 4072 1177 4136 usurpari
1192 4073 1305 4137 reperies
1318 4073 1385 4138 apud

237 4153 366 4204 Pertzium
385 4151 453 4200 Mon.
472 4149 523 4200 vol.
543 4149 597 4201 Vlll
615 4167 638 4216 p.
659 4149 716 4213 383,
729 4150 762 4200 43
782 4151 837 4214 (sub
856 4167 879 4202 a.
901 4151 988 4213 ttatt:
1008 4150 1150 4215 Gregorius
1162 4154 1242 4204 multo
1260 4155 1385 4204 comitatu

239 4235 413 4302 episcoporum
431 4230 553 4282 Leodium
576 4232 660 4296 voait3
688 4233 725 4282 ibi
812 4249 891 4300 nsque
916 4234 949 4284 ad
971 4234 1119 4300 capitolium
1142 4235 1225 4286 sancti
1252 4235 1384 4286 Lamberti

237 4317 361 4380 aseendit,
380 4315 481 4366 missam
500 4314 620 4365 celebrat.
