3086 5110
595 389 816 454 ..25-

127 569 219 632 listus
249 567 401 628 Antiochia
432 565 595 627 Abellinum
628 567 721 639 venit,
750 567 800 627 ubi
830 586 965 646 magnam
995 568 1148 630 hominum
1177 569 1278 630 multi-

127 670 267 730 tudinem
304 667 338 727 ad
374 666 459 726 fidem
495 665 689 726 Christianam
724 666 881 727 convertit.
936 668 1049 729 Deinde
1083 687 1174 748 prope
1204 668 1277 728 lovis

129 768 295 828 aediculam
320 765 439 826 ecclesia
464 774 631 826 constructa
656 765 774 826 assidue
804 766 1001 846 „praedicat¹‘.
1052 769 1094 827 Ad
1125 775 1278 829 senatores

129 867 276 928 Firmium
294 865 489 926 Fortunatam
516 873 545 925 et
566 865 738 925 Faustinum
764 865 921 926 accersitus
946 884 1011 925 cum
1037 866 1091 926 diis
1115 867 1278 927 sacrificare

130 974 283 1027 recusaret
307 985 320 1024 a
346 973 447 1024 monte
470 963 634 1043 Capitolino
658 963 689 1024 in
704 963 801 1024 iorum
820 963 948 1023 deiectus
965 971 994 1024 et
1010 981 1024 1022 a
1042 963 1114 1022 lovis
1131 965 1279 1042 pontifici-

131 1065 189 1126 bus
212 1063 314 1124 illusus
339 1061 437 1141 estn).
485 1062 617 1140 Reganus
640 1062 670 1122 in
695 1063 728 1122 G.
754 1062 921 1122 Henscheni
948 1071 1079 1122 actorum
1109 1071 1279 1123 commento

131 1183 165 1223 se
194 1164 364 1223 observasse
396 1161 436 1220 ait
464 1179 541 1221 anno
575 1161 667 1243 1644
686 1164 846 1238 fragmenta
876 1161 1017 1240 quaedam
1047 1162 1126 1220 velut
1149 1161 1279 1239 ingentia

132 1281 203 1322 saxa
226 1260 328 1339 templi
351 1259 425 1320 lovis
449 1259 478 1319 in
503 1259 550 1319 illo
575 1267 676 1319 monte
700 1259 874 1338 Capitolino.
921 1259 978 1319 Sed
1002 1268 1035 1319 ut
1058 1267 1089 1319 ut
1114 1267 1171 1328 est,
1201 1267 1279 1320 certe

132 1359 170 1420 de
193 1359 239 1419 his
263 1358 335 1418 actis
360 1358 436 1417 idem
460 1358 545 1430 valet,
574 1359 651 1436 quod
681 1357 717 1418 de
741 1358 796 1420 illis
820 1357 958 1438 exposui,
990 1377 1056 1418 cum
1081 1358 1117 1418 de
1139 1358 1280 1437 Capitolio

136 1457 255 1517 Nolano
279 1475 366 1534 supra
392 1457 476 1516 verba
500 1457 564 1516 feci.
611 1457 696 1530 Quod
720 1457 754 1516 ad
778 1456 877 1536 oppidi
902 1457 946 1517 ius
970 1457 1089 1525 attinet,
1115 1457 1279 1517 Abellinum

134 1573 315 1634 quamquam
344 1575 359 1614 a
388 1555 481 1615 Plinio
506 1555 534 1614 h.
561 1575 587 1615 n.
612 1555 651 1615 lll
677 1555 788 1624 tetus
817 1555 929 1615 colonia
959 1575 1017 1616 non
1046 1556 1155 1616 dicitur
1181 1561 1279 1617 tamen

134 1673 169 1714 eo
192 1653 257 1714 iure
280 1653 370 1712 luisse
387 1671 453 1712 cum
478 1671 513 1714 ex
536 1653 611 1714 libro
635 1655 688 1714 col.
706 1675 734 1734 p.
753 1652 867 1724 traxe
891 1663 953 1714 tum
980 1673 1012 1715 ex
1036 1654 1280 1734 inscriptionibus

134 1751 289 1824 elucetl4).
335 1751 408 1812 Cum
432 1751 546 1814 Plinius
574 1761 687 1822 taceat,
715 1753 916 1832 Zumptiuslll
947 1753 1090 1814 coloniam
1119 1753 1281 1814 triumviris

132 1850 252 1911 rectius
275 1849 437 1920 adiudicat,
467 1870 533 1911 cnm
563 1859 661 1912 tamen
686 1852 830 1914 Renierus
853 1853 930 1914 illam
961 1853 1040 1913 iuter
1063 1853 1280 1931 duodetriginta

134 1949 261 2027 Augusti
285 1949 413 2010 colonias
437 1949 600 2021 reseratu).

600 2127 821 2181 Beneventum.

220 2251 366 2314 Orbilium
391 2249 557 2328 Popillium,
582 2247 733 2326 plagosum
757 2245 840 2306 illum
865 2245 975 2307 Horatii
1000 2246 1189 2323 magistrum,
1213 2267 1280 2308 curn

135 2351 294 2414 beneventi
318 2359 403 2410 natus
427 2357 515 2416 esset,
539 2345 617 2406 cives
642 2346 865 2406 honoraverunt
886 2345 935 2414 ita,
960 2354 992 2406 ut
1015 2353 1141 2406 statuam
1166 2345 1228 2407 eius
1251 2349 1281 2408 in

135 2451 275 2532 Capitolio
299 2446 501 2529 petierentl⁷b
547 2445 601 2505 Sed
627 2444 759 2524 Capitolii
785 2463 865 2505 nunc
888 2446 945 2505 laur
969 2462 1007 2504 ne
1030 2445 1184 2522 vestigium
1214 2447 1281 2525 qui-

136 2553 201 2612 dem
227 2557 331 2610 exstat.
376 2548 503 2606 loannes
530 2544 607 2602 enim
631 2543 666 2603 de
690 2544 769 2616 Vita,
800 2544 849 2623 qui
874 2543 1046 2604 thesaurum
1070 2543 1280 2622 antiquitatum

135 2651 296 2711 benevent.
329 2649 437 2708 Romae
464 2665 489 2706 a.
519 2645 596 2703 1754
622 2643 725 2714 edidit,
753 2643 789 2703 de
813 2643 958 2725 Capitolio·
982 2645 1053 2705 haec
1082 2643 1168 2704 verba
1197 2645 1279 2704 facit:

136 2758 164 2810 at
183 2748 329 2810 infelicior
352 2744 474 2806 omuino
488 2743 686 2803 beneventani
707 2742 841 2821 Capitolii
861 2759 925 2803 sors
938 2742 1002 2815 luit,
1025 2743 1108 2804 euius
1125 2763 1191 2803 cum
1210 2743 1281 2804 nihii

137 2847 283 2928 reliquum
300 2843 494 2925 spectandum
511 2841 603 2901 oeulis
617 2839 814 2928 locum-etiam
830 2839 879 2901 ubi
894 2842 983 2901 fuerit
994 2841 1138 2904 indicasse
1150 2853 1279 2920 negatur.

201 3051 231 3112 78)
251 3050 283 3099 ib.
303 3049 357 3114 pag.
379 3047 410 3096 43
429 3045 485 3110 §2:
506 3046 602 3111 Quibus
626 3045 713 3096 vorbis
737 3046 853 3095 commoti
870 3043 939 3096 lovis
962 3047 1095 3112 pontifices
1117 3061 1173 3096 eum
1197 3045 1280 3112 sputis

136 3140 160 3183 et
179 3132 260 3196 virgis
280 3146 380 3180 caesum
400 3128 530 3178 nonnullis
550 3127 699 3178 vulneribus
717 3128 893 3193 plagaverunt.
931 3127 980 3193 Qui
998 3136 1087 3194 postea
1105 3129 1200 3179 vinetis
1223 3133 1280 3194 post

134 3213 336 3276 tergnrnanibns
355 3213 429 3262 etad
451 3217 559 3260 montem
577 3209 745 3274 Capitolinum
770 3209 907 3275 perductus
925 3211 950 3260 in
975 3209 1057 3260 forum
1076 3211 1192 3261 deicitur.

134 3295 233 3344 lnterea
253 3293 368 3358 pontifex
395 3294 493 3358 qnidam
513 3293 633 3356 axillis,
664 3283 769 3342 uatibus
796 3294 909 3355 nomine,
937 3293 1072 3344 dissolutis
1092 3293 1146 3344 eins
1165 3293 1279 3342 manibus

136 3375 288 3425 thuribulum
309 3375 331 3424 ei
351 3376 476 3440 porrexit,
495 3382 522 3423 ut
540 3373 606 3422 lovis
626 3375 763 3424 simulacro
782 3375 840 3424 thus
859 3375 998 3426 adhiberet.

202 3457 234 3522 ⁷⁴)
252 3455 270 3506 l.
285 3455 312 3506 R.
326 3454 355 3506 N.
377 3456 454 3506 1875:
479 3456 526 3506 ccl.
543 3456 653 3506 Veneria
667 3455 741 3508 Livia
756 3457 870 3520 Angusta
884 3458 1073 3508 Alexandriana
1087 3457 1279 3521 Abellioatium,

134 3538 164 3590 ci.
184 3557 207 3589 n.
229 3539 302 3600 tert,
323 3537 498 3587 tatu-teet.

200 3620 233 3683 76)
252 3621 268 3670 l.
289 3639 309 3670 c.
330 3619 380 3684 lp.
401 3617 457 3670 336.

143 3705 146 3712 '
199 3703 231 3769 π)
249 3701 280 3752 ci.
302 3702 420 3764 borghes.
441 3718 496 3767 opp.
517 3703 568 3752 vol.
588 3703 610 3753 V
629 3719 651 3768 p.
671 3701 720 3751 257
739 3703 795 3752 adn.
815 3701 837 3751 3.

199 3787 229 3846 aa)
249 3782 280 3834 ci.
300 3784 403 3834 Sueten.
433 3784 463 3834 da
482 3784 576 3834 illustr.
605 3799 682 3847 grant.
708 3799 728 3833 c.
749 3783 777 3834 9:
801 3783 917 3834 Orbilius
936 3785 1035 3834 ubinam
1054 3792 1106 3846 est,
1133 3784 1279 3834 litterarum

137 3867 248 3917 obliviol
284 3865 373 3916 Statua
399 3865 455 3916 cius
476 3865 613 3918 Beneventi
639 3866 784 3916 ostenditur
807 3867 832 3916 in
853 3867 984 3932 Capitolio
1008 3867 1039 3916 ad
1058 3867 1192 3917 sinistrum
1208 3865 1277 3927 latus

137 3963 280 3998 marmorea.
300 3975 332 3982 —
352 3945 407 3996 Non
428 3947 510 3997 solum
531 3949 610 4010 igitur
629 3947 730 4014 imperii
750 3947 854 3998 Romani
880 3949 971 4014 oppidu
990 3947 1116 4014 Capitolia
1140 3949 1170 3998 ad
1194 3963 1278 3998 exem-

137 4031 199 4097 plum
220 4029 289 4078 urbis
309 4028 402 4078 Romae
422 4029 592 4080 aedificabant
610 4032 757 4096 sed,wquod
782 4031 886 4080 maximi
905 4038 945 4080 est
969 4031 1100 4093 momenti,
1124 4031 1277 4098 Capitolium

135 4111 200 4162 Rom.
220 4111 255 4160 ita
271 4111 441 4174 imitabantur,
461 4119 487 4160 nt
502 4113 628 4162 clarorum
648 4113 761 4163 virorum
781 4119 879 4163 statuas
898 4113 984 4162 ecdem
1003 4113 1059 4163 loeo
1084 4113 1277 4164 constituerent.

135 4194 222 4244 Romae
247 4192 344 4256 quidem
364 4191 474 4256 Augusti
500 4201 585 4245 aetate
604 4211 664 4245 area
683 4196 772 4260 templi
791 4195 883 4246 statuis
902 4197 964 4245 adeo
984 4193 1081 4246 referta
1101 4203 1166 4260 erut,
1185 4202 1213 4245 ut
1231 4195 1277 4245 ille

135 4291 217 4327 earum
236 4274 368 4322 maximam
388 4284 484 4339 partem
504 4276 529 4326 in
544 4275 659 4342 Campum
675 4277 793 4326 Martium
812 4275 937 4326 transferi
957 4277 1065 4328 iuberet.
1104 4278 1181 4328 Cuius
1200 4277 1277 4326 moris

135 4357 182 4406 alia
207 4355 323 4418 exempla
348 4363 450 4408 exstant
477 4360 574 4426 llispali
601 4375 647 4408 nee
666 4375 714 4407 non
733 4359 858 4422 Veronae,
876 4359 919 4409 nbi
939 4367 1023 4410 statua
1042 4373 1104 4426 qnae
1123 4361 1166 4410 diu
1185 4361 1211 4410 iu
1230 4357 1277 4408 Ca·

135 4439 221 4504 pitolio
241 4438 357 4488 iacuerat
375 4447 462 4504 postca
482 4443 507 4491 in
527 4440 578 4491 lori
597 4441 763 4490 celeberrimo
782 4442 839 4491 looo
858 4441 999 4493 constituta
1018 4449 1070 4504 est3
1089 4443 1130 4494 vd.
1151 4439 1225 4492 inira.
