3114 5110
618 373 839 470 -81'-

153 583 257 644 aedis
291 603 387 663 quae
420 583 456 644 in
486 583 672 663 Capitolio
703 581 872 662 facta³⁰⁷).
917 585 989 644 Cum
1014 595 1112 646 autem
1146 585 1247 646 Sabini
1269 587 1300 646 in

153 681 226 742 colle
250 681 392 755 Quirinali
416 680 586 742 consedisse
608 681 753 754 ferantur,
776 680 812 742 ab
835 682 871 741 iis
894 701 1013 762 quoque
1027 683 1173 762 templum
1189 686 1300 744 facturn
1379 703 1381 708 ’

154 799 219 840 esse
252 779 306 840 sibi
335 781 523 859 persuadent.
576 778 703 839 Sabinae
731 779 853 857 originis
877 780 998 841 alteram
1031 781 1144 842 addunt
1172 801 1300 856 causam,

154 879 235 957 quod
259 898 273 938 a
297 879 465 957 Tarquiniis
490 879 566 938 bello
589 877 699 937 Sabino
719 877 867 955 templum
891 877 1085 956 Capitolinum
1111 892 1211 942 votum
1236 900 1301 942 esse

153 995 254 1038 rerum
279 977 437 1055 scriptores
458 975 651 1046 tradunt³⁰⁸).
696 975 788 1046 Quam
805 979 924 1048 temam,
948 995 1015 1036 cum
1032 979 1205 1039 recentioris
1221 989 1301 1040 aeta-

153 1075 191 1134 tis
214 1075 253 1135 sit
275 1073 403 1152 (primus
426 1074 505 1134 enim
530 1073 630 1134 Cicero
654 1074 717 1133 eius
742 1073 903 1152 meminit),
933 1075 1021 1134 nobis
1051 1094 1105 1154 pro
1128 1076 1299 1137 testimonio

153 1191 217 1233 esse
239 1189 300 1232 non
322 1191 410 1250 posse
434 1190 524 1231 nemo
548 1189 609 1230 non
633 1172 784 1231 concedet.
829 1171 887 1232 Sed
912 1173 1071 1251 quaeritur,
1099 1173 1170 1252 quid
1195 1176 1230 1234 de
1252 1175 1299 1236 illa

154 1269 287 1352 Capitolii
312 1271 418 1330 veteris
441 1269 584 1330 relatione
607 1271 798 1330 statuendum
822 1272 871 1331 sit.
917 1270 1050 1330 Primum
1080 1272 1160 1330 enim
1190 1273 1300 1351 pendet

152 1387 187 1429 err
211 1369 282 1428 solis
306 1369 403 1428 verbis
426 1369 576 1440 Varronis,
600 1368 651 1447 qui
675 1369 782 1448 quibus
806 1369 1019 1448 fontibusque
1043 1370 1203 1456 rationein
1219 1371 1298 1432 anti·

155 1467 318 1545 quitatibus
334 1466 536 1527 describendis
553 1485 627 1527 usus
643 1467 691 1538 sit,
714 1485 776 1526 non
791 1469 863 1527 satis
878 1477 1014 1546 apertum
1033 1467 1150 1543 est³⁰⁹).
1185 1468 1299 1530 Deinde

152 1565 365 1625 Ambroschius
384 1566 447 1644 ipse
459 1565 603 1636 coneedit,
621 1565 692 1626 inde
703 1565 782 1644 quod
796 1565 887 1626 Varro
904 1574 1015 1626 veteres
1029 1567 1148 1627 annales
1161 1586 1299 1646 respexe-
1388 1585 1390 1588 ·

151 1663 201 1736 rit,
224 1663 349 1722 minime
369 1663 444 1723 effici
464 1677 552 1742 posse
571 1681 605 1723 ea
624 1682 698 1742 quae
720 1664 817 1723 tradat
835 1681 954 1742 semper
971 1673 1051 1724 recte
1069 1684 1100 1726 se
1116 1665 1297 1743 habere³1⁰p

152 1761 254 1840 ltaque
270 1744 452 1840 praetentis,
476 1780 551 1839 quae
568 1762 666 1821 statim
691 1761 811 1821 afferam
834 1763 1027 1840 argumentis
1051 1763 1189 1824 Varronis
1211 1764 1297 1824 verba

152 1859 224 1920 mihi
248 1859 369 1937 quidem
393 1875 453 1918 non
477 1860 605 1918 multum
622 1859 719 1918 valent
741 1869 830 1936 atque
846 1860 989 1938 templum
1008 1861 1205 1939 Capitolinum
1222 1863 1298 1922 anti-

151 1957 328 2036 quissimum
351 1956 439 2017 nobis
462 1964 611 2035 praestare
633 1956 800 2034 exemplum
823 1957 930 2028 iudico,
954 1977 1022 2017 cum
1039 1961 1213 2036 praesertim
1230 1979 1298 2021 sae-

149 2057 218 2136 pius
241 2058 352 2116 lactum
376 2055 423 2126 sit,
448 2063 480 2115 ut
503 2055 598 2114 eidem
624 2055 678 2114 deo
701 2063 818 2133 praeter
841 2055 984 2134 templum
1010 2057 1170 2116 maximum
1193 2058 1297 2120 sacella

150 2153 295 2233 quaedam
319 2149 495 2230 fierentffl).

236 2251 292 2311 Sed
317 2261 436 2329 tempus
460 2259 514 2315 est,
539 2250 609 2328 quid
632 2249 698 2328 ipse
721 2250 757 2309 de
773 2249 888 2327 origine
904 2249 1007 2310 triadis
1023 2249 1205 2330 Capitolinae
1226 2273 1296 2314 sen-

149 2349 220 2411 tiam
245 2348 429 2427 depromere.
474 2350 570 2428 Atque
594 2358 628 2409 ut
648 2348 746 2410 statim
772 2348 877 2421 dicam,
901 2349 971 2427 quid
995 2367 1049 2427 ego
1072 2351 1208 2421 iudicem,
1233 2353 1295 2412 cul-

148 2457 212 2509 tum
230 2465 334 2524 graeco
350 2463 433 2506 more
449 2467 464 2506 a
480 2446 642 2525 Tarquinio
665 2446 725 2507 sive
747 2465 763 2506 a
785 2445 954 2524 Tarquiniis
971 2448 1170 2526 compositum
1186 2449 1295 2512 Romae

148 2545 320 2607 institutum
354 2563 420 2605 esse
448 2547 605 2606 contendo.
652 2545 741 2605 Cuius
775 2546 818 2604 rei
851 2545 977 2624 primam
1012 2546 1131 2608 invenio
1166 2567 1295 2623 oausam,

148 2645 228 2724 quod
252 2643 425 2705 vocabulum
450 2644 583 2724 Capitolii
605 2662 674 2704 rere
697 2642 834 2704 Latinum
864 2651 909 2704 est
932 2663 1031 2724 neque
1053 2665 1179 2725 usquam
1203 2649 1294 2708 totius

121 2784 125 2791 .
147 2743 244 2804 ltaliae
259 2750 354 2802 exstat
368 2742 533 2821 vestigium,
551 2761 609 2821 quo
625 2741 737 2802 cultum
754 2751 823 2802 ante
839 2741 1043 2805 Romanorum
1061 2745 1293 2806 dominationem

147 2841 282 2902 omnium
305 2849 355 2900 aut
376 2841 559 2918 singularum
583 2839 716 2918 gentium
745 2841 838 2899 luisse
866 2858 1059 2900 communem
1083 2842 1216 2920 colligere
1240 2862 1292 2903 co-

147 2940 254 3019 gimur.
299 2939 398 3000 Altera
422 2947 521 3000 autem
545 2957 632 3000 causa
656 2938 773 2998 videtur
797 2956 871 3008 esse,
903 2939 981 3016 quod
1013 2939 1068 2999 tria
1092 2957 1198 3016 genera
1222 2940 1293 3000 deo-

145 3061 357 3072 -.-—-———-=

214 3127 259 3190 807)
278 3125 366 3176 Ceteri
385 3125 428 3190 qui
446 3123 588 3175 offeruntur
606 3123 766 3189 antiquorum
793 3123 949 3188 scriptorum
972 3123 1023 3173 loci
1050 3122 1083 3188 (e.
1103 3141 1127 3188 g.
1147 3125 1204 3176 Val.
1223 3125 1291 3176 Max.

144 3206 178 3258 IV
198 3209 223 3270 t,
243 3211 287 3270 113
315 3207 416 3258 Hieron.
446 3207 538 3256 Chron.
566 3222 589 3271 p.
608 3206 673 3267 3113
700 3205 834 3256 Curiosum
862 3204 933 3254 urbis
961 3205 1025 3269 quod
1052 3205 1148 3255 dicitnr·
1175 3207 1291 3258 Victoris

147 3290 245 3354 (‚‚regio
264 3287 296 3339 Vl
315 3288 432 3338 continet
445 3325 451 3337 .
464 3323 470 3336 .
485 3325 491 3338 .
505 3287 617 3350 Floram,
636 3287 791 3352 Capitolium
816 3286 985 3351 antiquum“))
1008 3287 1057 3336 huc
1083 3303 1131 3335 non
1154 3289 1291 3352 pertinent,

147 3385 203 3419 eum
221 3370 313 3434 partim
332 3369 496 3435 speete‘nt'ed
514 3369 635 3433 templum
654 3369 680 3418 in
699 3368 829 3434 Capitolio
848 3365 943 3418 facturn
961 3368 1053 3432 partim
1072 3383 1105 3418 cx
1119 3369 1235 3420 Varrone
1248 3371 1290 3420 de-

144 3451 254 3518 prompti
273 3453 333 3501 sint.

212 3533 255 3596 ⁸⁰⁸)
274 3533 327 3583 Cic.
347 3531 370 3581 d.
390 3547 442 3596 rep.
460 3529 482 3580 ΙΙ
505 3531 546 3593 20,
565 3529 610 3593 36;
634 3530 675 3592 24,
693 3531 734 3580 44.
772 3529 831 3580 Liv.
857 3529 866 3579 l
890 3529 930 3580 38.
956 3530 996 3580 55.
1032 3529 1137 3596 Dionys.
1165 3527 1201 3586 tlt,
1215 3531 1247 3581 69
1266 3548 1291 3597 p.

143 3613 201 3674 201,
218 3613 262 3677 183
281 3611 314 3664 lV
333 3611 364 3662 59
383 3629 405 3678 p.
419 3611 477 3674 257,
492 3613 531 3664 l'l.
567 3609 634 3662 Plio.
652 3613 677 3661 h.
691 3629 713 3661 rr.
729 3609 761 3661 tlt
773 3611 789 3660 9
801 3609 818 3676 ξ
831 3613 873 3662 to.
910 3611 993 3661 Tacit.
1006 3611 1066 3660 hist.
1080 3609 1111 3661 tlt
1125 3611 1157 3660 72
1176 3619 1225 3662 ete.
1240 3620 1289 3664 etc.

210 3695 256 3759 ⁸⁰⁹)
275 3694 423 3745 Ambroseh.
442 3695 459 3744 l.
480 3709 502 3743 o.
520 3710 543 3760 p.
557 3692 595 3743 lX
607 3710 643 3758 sq.

212 3778 257 3839 ³¹⁰)
275 3777 310 3827 ib.
330 3793 353 3842 p.
368 3776 428 3826 168:
448 3774 502 3838 „Da
522 3776 585 3824 uach
604 3775 689 3824 seiuer
707 3775 816 3824 Ansieht
834 3775 876 3824 die
894 3775 1002 3824 Sabiuer
1021 3775 1091 3824 nicht
1107 3785 1155 3823 nor·
1173 3773 1290 3839 Quirinal

142 3859 194 3908 und
212 3856 319 3922 Rapitol
339 3857 448 3906 sondern
468 3857 531 3905 euch
549 3855 662 3907 Aventin
687 3857 736 3904 und
761 3855 878 3924 Esquilio
904 3857 1002 3906 besetzt
1023 3857 1121 3920 hatten,
1146 3871 1174 3905 so
1197 3857 1290 3906 mulste

142 3941 198 3991 siclt
216 3940 277 4002 ihm,
295 3937 355 3988 iulis
373 3954 402 3988 er
421 3953 450 3987 ao
472 3935 592 4002 lortlubr,
610 3939 666 3987 eine
685 3938 756 3987 nicht
774 3937 880 4001 geringe
900 3937 964 3986 Zahl
989 3953 1038 3988 von
1059 3935 1166 3988 thttern
1190 3937 1229 3987 uls
1248 3953 1288 3988 sa·

141 4021 258 4071 binische
277 4017 429 4071 crweisen“.

211 4102 256 4165 ⁸¹¹]
275 4101 304 4151 ll.
323 4102 427 4167 Jordan,
445 4099 508 4166 Top.
527 4099 598 4150 Rom.
617 4098 626 4148 l
646 4100 660 4148 2
679 4115 703 4165 p.
715 4099 760 4148 41:
781 4099 834 4164 „Es
853 4113 908 4149 war
926 4100 990 4150 ench
1009 4099 1086 4164 Siue,
1109 4101 1134 4149 in
1154 4100 1200 4150 der
1217 4099 1288 4151 Nthe

142 4183 213 4234 eines
226 4183 401 4234 bedentenden
415 4182 582 4246 Heiligtumes
596 4183 650 4231 dcrn
662 4180 837 4231 himmlischen
850 4179 1015 4242 Eigentiimer
1028 4181 1161 4232 desselben
1171 4182 1288 4232 lrloinore

142 4263 407 4328 Verehrungsstiitten
426 4280 476 4314 nen
494 4281 526 4314 zu
544 4263 661 4314 stiften“.
698 4262 781 4312 Simili
804 4261 877 4311 rnodo
904 4277 919 4312 a
943 4261 1002 4312 love
1027 4262 1124 4312 Lutiali
1150 4264 1176 4312 in
1203 4269 1287 4312 monte

142 4347 242 4397 Albano
261 4343 407 4413 posteriore
424 4353 508 4395 aetate
527 4346 588 4396 luno
607 4344 773 4408 Minervaque
791 4349 894 4407 recepta
912 4349 961 4404 est,
980 4357 1035 4392 eum
1053 4349 1137 4392 tantan
1150 4344 1230 4409 primo
1246 4359 1288 4394 so-

141 4428 183 4478 lus
203 4427 247 4479 ille
265 4429 385 4494 templum
404 4427 439 4476 ibi
456 4427 585 4490 habuerit,
604 4425 635 4476 ef.
655 4424 765 4476 Preller.
802 4423 910 4489 Mythot.
929 4421 1000 4472 Rom.
1019 4422 1048 4472 1³
1067 4440 1089 4488 p.
1103 4423 1160 4474 215.

1111 4511 1126 4562 6
