3114 5110
241 1225 423 1336 Capitolium
445 1258 615 1320 Romanum
638 1267 795 1339 postquam
819 1261 871 1322 diu
898 1269 928 1322 et
950 1261 1057 1322 acriter
1079 1281 1095 1323 a
1118 1261 1186 1322 viris
1209 1263 1304 1326 ductis

158 1356 355 1436 disceptatum
378 1364 424 1420 est
446 1365 546 1418 utrum
562 1358 652 1419 luerit
673 1359 703 1420 in
720 1359 830 1421 montis
846 1370 929 1440 parte
945 1361 980 1421 ad
997 1360 1149 1422 meridiem
1165 1379 1304 1422 conversa

158 1474 195 1516 an
219 1453 250 1516 in
273 1475 339 1518 arce
362 1475 428 1518 cum
452 1457 562 1518 uostris
585 1457 771 1538 temporibus
788 1460 988 1522 controversia
1011 1460 1175 1540 composita
1199 1461 1304 1534 sitite,

158 1563 192 1616 ut
213 1555 327 1618 nemini
350 1553 470 1616 dubium
494 1573 560 1618 asse
582 1556 674 1634 possit
696 1557 767 1636 quin
790 1577 825 1618 eo
841 1558 951 1620 montis
973 1559 1038 1620 loco
1054 1560 1199 1640 templum
1216 1560 1306 1621 fuerit

158 1654 210 1733 qui
232 1653 388 1735 proprium
411 1653 546 1733 Capitolii
573 1672 685 1716 nomen
714 1655 878 1731 haheret1),
908 1675 1017 1736 operae
1039 1657 1168 1736 pretium
1190 1658 1307 1720 videtur

159 1772 225 1814 esse
258 1752 423 1816 accuratius
451 1755 628 1833 perscrutari
656 1773 732 1834 quae
761 1755 915 1835 supersint
941 1755 1060 1836 vestigia
1089 1755 1302 1836 Capitoliorum

158 1852 238 1914 orbis
261 1853 398 1914 Romani.

244 1952 330 2026 Quod
358 1951 475 2031 aggredi
504 1952 528 2014 si
562 1951 655 2013 audeo
685 1952 814 2031 primum
844 1952 928 2014 venia
963 1951 1033 2014 mihi
1067 1952 1193 2031 petenda
1224 1954 1303 2033 qnod

158 2055 286 2115 sortasse
313 2051 411 2112 minus
441 2049 617 2130 praestitero
648 2069 735 2129 quam
768 2051 819 2130 qui
848 2051 946 2130 legent
973 2049 1196 2129 exspectabunt,
1246 2051 1304 2112 Res

158 2152 239 2214 enim
260 2147 489 2228 topographicae
516 2167 583 2208 curn
616 2148 724 2228 ubique
752 2149 817 2209 lere
845 2149 995 2228 pendeant
1022 2167 1058 2209 ex
1086 2148 1304 2222 effossionibus,

158 2259 192 2312 ut
214 2250 253 2310 ita
276 2249 381 2318 dicam,
403 2247 594 2308 instituendis
616 2265 714 2327 neque
736 2247 952 2326 provinciarum
976 2246 1185 2327 antiquitatum
1209 2267 1304 2328 usque

158 2349 195 2411 ad
218 2355 319 2410 nostra
335 2355 469 2426 tempora
492 2366 508 2407 a
530 2345 599 2407 viris
623 2345 717 2407 doctis
739 2365 772 2407 ea
795 2365 852 2426 qua
876 2365 950 2426 opus
974 2355 1019 2407 est
1040 2347 1116 2408 ratio
1133 2345 1231 2408 habita
1254 2349 1303 2419 sit,

157 2449 274 2528 saepius
297 2455 329 2509 ut
351 2447 386 2508 ad
416 2457 529 2508 certum
554 2446 694 2508 iudicium
724 2464 843 2508 vocarer
868 2446 932 2506 hori
963 2463 1024 2507 non
1054 2446 1186 2525 potuisse
1214 2465 1304 2508 nemo

159 2567 222 2609 non
245 2546 317 2608 mibi
339 2546 490 2608 concedet.
535 2545 633 2607 Nihilo
665 2546 757 2606 sotius
784 2545 991 2625 quaestionem
1023 2547 1140 2626 suscepi
1162 2549 1304 2609 suadente

157 2647 193 2708 ll.
215 2647 345 2706 Jordano
368 2645 419 2724 qui
442 2653 560 2724 quaest
582 2663 701 2724 semper
722 2645 861 2706 comitate
884 2655 913 2705 et
935 2645 1121 2706 humanitate
1142 2646 1174 2706 in
1197 2647 1304 2709 studiis

158 2745 372 2824 discipulorum
396 2744 568 2804 adiuvandis
591 2763 651 2804 non
675 2745 770 2804 solum
795 2763 857 2804 mea
881 2763 967 2805 causa
985 2744 1062 2805 viros
1078 2746 1183 2807 doctos
1198 2745 1303 2808 litteris

157 2845 230 2907 adiit
252 2852 285 2905 ut
307 2843 357 2904 ubi
379 2843 478 2922 inopia
503 2843 717 2923 praesidiorum
735 2843 951 2904 haesitaremus
974 2843 1010 2902 de
1032 2844 1068 2904 iis
1092 2863 1146 2904 nos
1162 2845 1303 2906 certiores

157 2949 290 3007 facerent
318 2943 369 3004 sed
398 2942 462 3022 ipse
490 2942 581 3002 libros
609 2960 685 3020 quos
716 2951 816 3002 nostra
846 2941 879 3002 in
911 2939 1087 3002 bibliotheca
1119 2942 1205 3004 nobis
1241 2961 1303 3004 non

157 3042 241 3104 licuit
264 3059 331 3103 oum
354 3041 483 3103 Rerolini
507 3049 675 3102 versaretur
697 3039 836 3119 inspexit.

242 3139 305 3201 Tali
328 3140 417 3219 igitur
440 3139 545 3200 auxilio
567 3159 641 3200 usus
665 3139 869 3220 quaestionem
898 3139 937 3199 ita
968 3138 1084 3198 auxisse
1108 3138 1178 3200 mihi
1201 3139 1302 3202 videor

159 3247 189 3300 ut
213 3238 422 3318 Capitoliorum
445 3239 588 3300 maiorem
611 3259 700 3319 quam
724 3246 809 3300 antea
837 3241 945 3298 facturn
979 3246 1042 3298 erat
1071 3256 1231 3300 numerum
1254 3239 1303 3300 in-

161 3337 332 3414 vestigarem
362 3339 638 3417 nonnullorumque
668 3338 789 3416 vestigia
818 3336 902 3398 novis
930 3335 1111 3397 testimoniis
1145 3337 1303 3398 afferendis

159 3435 316 3498 tirrnarem.
362 3436 445 3498 Licet
474 3437 564 3514 igitur
590 3454 651 3497 non
678 3437 762 3517 plane
788 3437 997 3514 cumulateque
1027 3435 1123 3496 soluta
1147 3435 1193 3506 sit,
1224 3445 1303 3498 certe

158 3546 296 3613 provecta
320 3543 364 3595 est
386 3535 437 3604 ita,
467 3545 499 3594 ut
521 3536 557 3595 de
575 3535 687 3613 origine
710 3534 919 3613 Capitoliorum
941 3533 1166 3612 provincialium
1188 3545 1302 3596 certum

156 3633 295 3694 iudicium
319 3633 389 3694 ferri
413 3634 514 3713 possit.

244 3730 301 3791 Sed
331 3739 491 3811 antequam
520 3732 617 3810 ipsum
648 3721 855 3810 argumentum
891 3748 1051 3810 persequar
1083 3730 1158 3791 ratio
1188 3731 1304 3792 videtur

157 3829 305 3909 postulare
327 3839 362 3891 ut
384 3831 491 3909 quibus
514 3831 667 3910 praesidiis
685 3829 766 3890 nisus
781 3830 816 3889 ad
832 3847 896 3889 rern
913 3829 1112 3908 explicandam
1129 3829 1301 3890 accesserim

157 3927 268 4008 quique
291 3937 360 3988 aute
381 3946 436 3989 nos
459 3929 561 3989 eadem
584 3929 614 3989 in
631 3928 804 4008 quaestione
820 3927 927 3987 versati
949 3927 1009 3988 sint
1025 3927 1128 4006 paucis
1145 3944 1299 4006 exponam.

156 4026 261 4106 Neque
291 4027 434 4106 quaedam
464 4027 582 4105 indigna
610 4036 680 4088 sunt
708 4045 782 4106 quae
815 4025 1000 4106 proludendo
1028 4035 1303 4087 commemorentur

156 4148 370 4158 σ--ι--ο--ι--υ

228 4229 248 4294 ¹)
265 4231 307 4282 vd,
327 4231 355 4280 ll.
374 4230 478 4283 Jordanl
496 4233 571 4299 epist.
590 4232 620 4282 ad
639 4231 792 4282 Laneiannm
811 4229 945 4280 annolibus
968 4230 1029 4280 inst.
1048 4229 1116 4280 arch.
1135 4245 1158 4280 a.
1178 4229 1244 4280 1876
1262 4227 1302 4278 in-

157 4321 254 4364 sertam
273 4329 319 4366 uec
338 4328 387 4362 non
405 4311 514 4380 Toposr.
536 4314 607 4366 urbis
625 4313 719 4366 Romae
738 4312 790 4364 vol.
811 4311 818 4360 l
839 4312 853 4362 2
872 4327 895 4378 p.
915 4313 947 4362 65
957 4325 1010 4378 sqq.
