3114 5110
690 253 916 318 ..26-

314 432 384 495 Erat
398 433 602 495 Beneventum
625 439 710 494 vetus
734 430 849 493 colonia
865 430 966 493 Latina
988 449 1018 494 u.
1040 449 1065 493 c.
1090 430 1151 493 486
1175 430 1211 492 ad
1227 430 1375 493 Samnites

230 532 411 593 coercendos
445 539 475 592 et
503 549 600 592 mores
628 531 780 592 Romanos
806 529 838 590 in
872 529 934 590 illas
969 530 1108 608 regiones
1139 529 1375 592 disseminandos

230 629 410 706 deducta⁷⁸t
456 629 576 691 Caesare
599 637 717 690 mortuo
740 627 888 689 triumviri
911 645 990 688 anno
1006 628 1068 688 712
1092 627 1237 689 coloniam
1260 636 1373 689 vetera-

228 745 337 788 norum
372 747 408 787 eo
444 726 684 806 deduxerunt⁷⁹),
720 726 842 788 deduxit
871 734 970 787 autem
999 713 1031 787 L.
1060 726 1210 788 Munatius
1239 726 1374 797 Plancus,

230 825 350 886 Antonii
373 825 541 901 amicus⁸⁰).
586 826 697 886 Deinde
721 826 871 904 Augustus
894 844 959 886 eam
989 823 1088 886 denuo
1116 824 1284 896 constituit,
1318 842 1376 902 qua

230 941 262 983 re
291 941 306 981 a
343 922 439 984 Plinio
474 924 506 984 in
538 923 662 1002 Augusti
699 923 881 985 coloniarum
916 923 1045 1001 catalogo
1082 922 1214 984 coloniae
1253 923 1377 984 nomine

230 1019 408 1097 ornatur⁸¹).
455 1022 589 1101 Denique
611 1022 697 1092 Nero,
721 1039 810 1101 quem
834 1039 924 1082 novas
940 1020 1070 1082 colonias
1093 1021 1118 1080 si
1142 1039 1203 1082 non
1219 1020 1376 1082 deduxisse

230 1126 260 1180 at
282 1128 395 1181 veteres
419 1121 604 1202 supplevisse
628 1121 752 1192 scimus,
781 1118 928 1181 coloniam
951 1119 1187 1182 Beneventanum
1217 1118 1353 1193 aurit⁸²).

752 1295 851 1348 Ostia.

316 1412 432 1474 Titulus
453 1413 503 1474 ille
527 1412 555 1474 C.
580 1413 602 1474 1.
625 1412 657 1485 L„
674 1412 710 1473 Vl
733 1410 852 1485 47981),
876 1429 943 1474 cum
964 1411 1075 1472 Romae
1097 1411 1129 1472 in
1152 1412 1269 1490 porticu
1289 1409 1378 1490 lapid.

229 1509 360 1570 Vaticani
382 1517 557 1582 servaretur,
580 1510 616 1570 ab
630 1509 783 1571 Henzenio
805 1509 883 1571 inter
898 1508 1106 1588 inscriptiones
1122 1507 1250 1570 urbanas
1266 1509 1377 1570 relatus

130 1603 134 1610 “
230 1616 283 1668 est.
339 1607 434 1679 Ouem
468 1627 529 1670 non
564 1609 687 1670 Romam
722 1609 774 1670 sed
810 1608 922 1669 Ostiam
957 1607 1105 1686 pertinere
1138 1625 1219 1669 nunc
1246 1607 1377 1686 primum

230 1705 265 1766 Η.
296 1706 405 1768 Oessau
441 1716 522 1768 recte
550 1706 758 1787 perspexit⁸⁴).
809 1706 947 1768 Fortasse
973 1707 1052 1768 enim
1083 1705 1199 1784 A(ulus)
1231 1704 1378 1768 Ostiensis

230 1805 417 1884 Asclepiades
441 1806 519 1867 idem
543 1814 589 1867 est
612 1814 700 1886 atque
723 1825 800 1866 unus
824 1824 859 1866 ex
875 1803 1000 1878 duobus,
1023 1805 1074 1883 qui
1091 1805 1122 1865 in
1137 1804 1236 1866 indice
1251 1802 1378 1866 familiae

230 1903 364 1983 publicae
388 1903 529 1966 Ostiensis
551 1904 569 1964 l.
594 1923 617 1965 c.
642 1923 670 1984 p.
698 1902 757 1964 132
785 1922 896 1964 nomen
919 1903 1099 1982 Asclepiadis
1130 1903 1241 1964 ferunt.
1291 1901 1378 1972 Quod
1415 1914 1418 1918 '

230 2010 310 2063 recte
333 2002 357 2062 si
380 2001 476 2075 habet,
500 2002 618 2063 titulum
642 2003 678 2063 ad
702 2001 814 2063 Ostiam
839 2001 1034 2063 revocandum
1062 2000 1128 2060 luce
1156 1997 1272 2060 clarius.
1319 1999 1378 2059 Sed

231 2119 267 2162 ex
295 2101 359 2179 ipso
388 2100 509 2161 nomine
540 2119 599 2180 quo
629 2100 669 2161 sit
699 2099 876 2162 referendus
906 2105 1037 2178 apparet.
1083 2096 1189 2157 Noster
1212 2095 1292 2156 enim
1315 2115 1380 2157 non

231 2215 334 2258 servus
358 2197 547 2259 sedlibcrtus
564 2204 618 2258 est.
657 2197 738 2258 Servi
761 2207 870 2269 autem,
893 2215 961 2257 cum
978 2195 1049 2256 nihil
1067 2195 1123 2255 nisi
1141 2212 1233 2256 unum
1250 2194 1381 2256 habeant

230 2312 352 2367 nomen,
375 2295 400 2355 si
424 2314 514 2356 manu
537 2296 699 2357 mittuntur
722 2315 832 2357 nomen
855 2295 988 2376 patronis
1010 2293 1067 2354 sibi
1089 2293 1236 2356 vindicant
1258 2293 1314 2366 ita,
1345 2301 1381 2354 ut

230 2411 289 2472 quo
312 2393 393 2472 prius
415 2393 504 2456 unico
528 2394 574 2454 usi
597 2401 668 2456 sunt
688 2395 745 2456 iam
770 2389 935 2471 cognomen
963 2392 1073 2454 evadat.
1118 2391 1214 2463 Onam
1245 2391 1283 2452 ob
1311 2409 1377 2452 rem

230 2509 297 2552 cum
320 2491 461 2552 hocloco
486 2491 568 2554 Ostia
590 2491 704 2554 colonia
727 2493 797 2554 'eum
820 2510 912 2553 manu
935 2490 1049 2562 mittat,
1072 2507 1184 2550 nomen
1212 2489 1274 2551 eius
1303 2508 1378 2568 gen-

230 2589 363 2661 tilicium,
387 2609 446 2668 quo
469 2609 505 2650 ex
527 2597 662 2669 tempore
685 2590 808 2651 libertus
830 2590 871 2661 lit,
896 2588 1042 2650 Ostiensis
1064 2607 1128 2650 esse
1150 2587 1293 2666 dehetll).

315 2687 540 2768 inscriptionem
574 2689 610 2748 ad
644 2697 779 2766 tempora
805 2688 1018 2766 imperatorum
1047 2686 1197 2766 pertinere
1223 2685 1293 2746 inde
1326 2685 1378 2746 in-

229 2783 319 2862 telligi
341 2791 449 2864 potest,
474 2786 553 2866 quod
577 2785 709 2866 corporis
731 2784 906 2847 libertorum
932 2792 960 2846 et
975 2803 1127 2846 servorum
1146 2784 1257 2845 mentio
1274 2781 1377 2862 est⁸⁶).

297 2977 329 3042 η)
348 2977 416 3029 Vell.
434 2975 445 3026 l
464 2976 509 3040 14;
528 2976 585 3028 niv.
604 2977 665 3042 cpit.
685 2977 724 3028 15.

298 3059 329 3120 2⁹)
347 3058 393 3108 lib.
412 3058 461 3108 col.
480 3058 538 3119 231,
558 3060 581 3108 5.

299 3139 330 3201 ⁰⁰)
348 3138 367 3188 l.
387 3138 416 3188 ll.
435 3138 467 3201 N,
485 3138 561 3188 4089.

298 3220 329 3281 ⁸¹)
348 3219 393 3269 lib.
412 3217 445 3268 lll
466 3219 580 3280 16,105;
600 3218 632 3269 cl.
652 3219 697 3270 lib.
717 3220 766 3270 col.
785 3219 844 3284 232,
859 3220 882 3268 7.

297 3301 329 3364 ⁸¹)
349 3299 381 3351 cl.
401 3299 445 3350 lib.
465 3299 515 3350 col.
534 3299 592 3363 231,
605 3300 629 3348 5.
665 3298 690 3350 lu
709 3301 796 3350 titulis
818 3299 913 3350 dicitur
935 3298 983 3350 col.
1006 3299 1075 3350 dulia
1100 3299 1216 3362 Augusta
1234 3298 1380 3348 Concordia

229 3382 307 3431 Felix
324 3382 494 3432 Beneventum
513 3379 544 3430 cl.
565 3381 588 3430 J.
607 3380 635 3429 ll.
653 3379 684 3430 N.
705 3381 779 3432 1410.

298 3462 331 3524 ⁸⁸)
349 3462 380 3512 A.
400 3461 527 3510 Ostiensis
547 3460 710 3525 Asclepiades
731 3459 735 3524 Ι
755 3460 855 3510 aeditus
874 3460 985 3525 Capitoli
1010 3461 1108 3524 signum
1137 3459 1229 3511 Martis
1249 3459 1254 3522 l
1274 3459 1380 3524 corpori

231 3541 342 3593 familiae
359 3542 362 3607 Ι
378 3542 479 3608 publice
492 3539 541 3605 (sic
548 3541 565 3606 l)
584 3541 733 3590 libertorum
746 3548 772 3590 et
785 3556 917 3592 servorum
929 3541 952 3591 d.
966 3541 988 3592 d.
1004 3547 1045 3604 (ε
1056 3557 1094 3608 ap.
1111 3540 1237 3592 Orellium
1256 3558 1280 3590 n.
1293 3540 1380 3606 2850).

300 3623 331 3684 ⁸⁴)
350 3622 415 3672 Bull.
435 3621 495 3671 inst.
514 3622 582 3672 arch.
601 3637 623 3670 a.
649 3621 709 3672 1881
731 3638 754 3687 p.
775 3622 881 3688 135sqq.

299 3704 330 3764 ⁸⁵)
350 3703 393 3753 Sic
421 3702 498 3753 titulo
517 3717 555 3768 ap.
575 3702 684 3752 llenzen.
713 3719 735 3753 n.
764 3703 830 3752 6402
857 3703 968 3754 libertus
995 3709 1099 3753 senatus
1126 3702 1256 3754 Tiburtini
1283 3702 1381 3754 dicitur

231 3784 350 3837 Senatius
383 3781 488 3850 Nephon
519 3783 622 3849 eiusque
656 3799 722 3833 uxor
748 3783 852 3834 Senotia
877 3781 968 3847 Flora3
998 3801 1021 3834 n.
1049 3783 1117 3834 6394
1144 3783 1234 3834 liberti
1261 3784 1379 3834 coloniae

229 3865 400 3918 Acclanensis
427 3864 597 3916 Maximianus
621 3872 647 3915 ot
671 3864 793 3916 Marcella
826 3873 951 3916 vocantur
989 3866 1125 3916 Aeclauius
1153 3864 1324 3916 Maximianus
1352 3873 1380 3916 et

230 3947 351 3998 Aeclania
377 3946 516 4009 Marcella3
542 3943 575 3997 cf.
602 3963 626 3996 n.
653 3947 719 3998 6395
748 3945 774 3997 6.
795 3945 945 4012 Campanius
964 3948 1081 4012 Ursulus,
1107 3963 1131 3998 n.
1157 3947 1223 3998 6396
1249 3946 1383 3998 Pollentia

231 4028 363 4078 Processu.

299 4110 331 4172 ⁸⁸)
351 4107 382 4160 cl.
408 4110 473 4174 apud
492 4109 617 4162 Orellium
640 4127 665 4162 n.
684 4111 763 4163 4109:
799 4109 843 4163 Cn.
867 4111 954 4162 Sentio
973 4111 1017 4161 Cn.
1038 4111 1114 4174 fil(io)
1138 4109 1182 4162 Cn.
1201 4108 1309 4177 n(cpoti)
1327 4119 1381 4164 ter.

231 4189 303 4242 lelici
317 4228 323 4240 .
337 4228 342 4240 .
357 4227 363 4240 .
383 4199 490 4257 patrono
511 4229 555 4243 ...
577 4208 686 4258 corpora
704 4192 895 4259 scaphariorum
908 4229 914 4242 .
928 4229 955 4244 ..
974 4201 1000 4244 et
1018 4193 1169 4246 libertorum
1185 4199 1211 4244 ct
1223 4193 1382 4261 eorumdum)

231 4269 420 4338 public(orun1).
