3086 5110
620 349 838 412 ..45-

158 529 330 592 testimonio
360 547 432 590 usus
465 527 550 588 titulo
578 527 646 588 ol.
663 527 696 588 L.
719 527 744 588 ll
765 524 908 605 4079¹⁰⁶)
936 525 1102 588 Tarracone
1130 523 1304 604 Capitolium

158 629 252 690 luisse
267 628 323 689 sibi
339 625 556 707 persuasit¹⁶⁷t
591 626 778 706 Quamquam
794 643 847 704 ego
864 643 982 705 quoque
999 625 1176 697 Tarracone,
1193 623 1303 703 quippe

158 727 239 807 qnod
262 726 401 806 oppidum
426 733 503 788 esset
525 725 618 788 totius
641 725 809 805 provinciae
825 732 915 803 atque
931 725 1020 786 etiam
1036 725 1129 786 totius
1145 723 1304 802 Hispaniae

158 826 303 907 primum,
326 826 383 886 tale
410 825 556 904 templum
586 825 677 886 luisse
699 824 858 886 verisimile
885 825 975 896 duco,
999 832 1101 886 tamen
1123 844 1159 884 en
1180 823 1230 884 illo
1253 842 1305 886 ar-

158 933 301 1004 gumento
338 941 479 1004 apparere
511 924 686 1003 negaverim.
729 959 771 966 —
810 923 896 984 Nunc
928 922 960 984 iu
994 923 1125 984 medinm
1159 923 1305 1003 prodeant

159 1023 304 1084 Braunius
327 1030 356 1084 et
379 1023 514 1102 quicum
530 1031 659 1084 sectatus
675 1030 721 1090 est
735 1021 842 1099 Saglio‚
866 1020 918 1100 qni
933 1021 1042 1082 llliberi
1056 1021 1131 1082 loris
1149 1021 1305 1100 Capitolini

159 1124 304 1202 templum
326 1123 419 1184 luisse
442 1122 513 1184 inde
536 1122 728 1194 concludunt,
753 1121 832 1201 quod
848 1120 897 1180 illo
921 1121 1046 1182 concilio
1061 1139 1141 1182 anno
1158 1121 1224 1182 Chr.
1243 1119 1304 1180 305

158 1221 199 1281 ibi
222 1220 321 1282 habito
346 1220 505 1281 Christiani
531 1220 704 1300 Capitolium
729 1220 889 1280 ascendere
912 1219 1122 1298 vetentur¹⁰⁸).
1167 1219 1306 1292 Quodne

161 1320 318 1381 verisimile
342 1320 462 1399 quidem
486 1328 541 1392 est,
565 1318 683 1398 probari
707 1327 787 1380 certe
810 1335 873 1380 non
896 1325 1003 1397 potest.
1050 1317 1131 1390 Quae
1154 1329 1216 1380 acta
1233 1339 1306 1380 con-

159 1418 219 1480 cilii
242 1419 292 1498 qui
315 1417 471 1496 diligenter
493 1418 651 1498 perlegerit
682 1417 770 1478 verba
799 1417 845 1477 illa
874 1434 936 1476 non
964 1416 995 1476 in
1017 1416 1230 1479 llliberitanum
1252 1419 1304 1478 sed

159 1518 190 1578 in
222 1517 374 1596 quodlibet
398 1517 573 1596 Capitolium
605 1517 707 1577 cadere
734 1515 861 1576 libenter
890 1513 963 1574 mihi
990 1517 1132 1577 concedet
1144 1514 1201 1594 ¹⁰⁹).
1245 1516 1306 1577 Ncc

160 1616 275 1678 firmius
297 1616 445 1678 stabilitur
466 1617 642 1697 Capitolium
663 1617 808 1686 bedense,
832 1615 911 1695 quod
935 1615 1053 1676 silentio
1076 1616 1305 1696 praeteriissem,

159 1715 218 1776 nisi
241 1716 388 1778 Braunius
408 1717 511 1776 eadem
529 1725 617 1794 atque
634 1715 761 1794 scriptor
776 1723 921 1786 actorum,
944 1733 1020 1794 quae
1040 1715 1076 1776 ad
1095 1715 1167 1776 illud
1183 1715 1306 1793 respici-

162 1811 277 1889 unt¹⁷⁰l
306 1815 494 1894 simplicitate
522 1833 584 1876 rem
613 1814 793 1876 credidisset.
843 1813 900 1874 Sed
932 1815 1003 1893 quid
1032 1814 1097 1874 dico
1124 1815 1306 1887 credidisset,

160 1912 243 1994 quasi
268 1913 336 1992 quis
364 1913 485 1974 credere
513 1913 618 1993 possit,
652 1912 701 1991 qui
733 1910 800 1974 oum
831 1913 893 1992 ipse
919 1913 1034 1974 nullum
1061 1913 1200 1974 volumen
1224 1915 1306 1974 evol-

161 2015 245 2085 verit,
275 2014 375 2074 omnia
398 2013 447 2092 pio
470 2015 570 2074 animo
593 2013 852 2092 exscripserit¹⁷¹).
898 2013 978 2085 Quae
994 2021 1056 2076 acta
1073 2033 1129 2092 qua
1145 2014 1203 2074 fide
1219 2022 1305 2074 utan-

160 2123 210 2174 tur
232 2114 343 2192 optime
366 2113 554 2191 intellegetur
580 2113 605 2173 si
634 2113 786 2191 scriptoris
813 2111 906 2191 ipsius
938 2111 1023 2184 verba
1052 2113 1101 2174 hic
1129 2129 1303 2190 apposuero.

161 2212 237 2274 llicit
269 2219 369 2273 autem
400 2213 446 2272 ille
481 2213 510 2286 (ξ
532 2212 601 2290 21t:
636 2212 723 2273 Cum
758 2210 1004 2290 congregatio
1039 2211 1304 2290 episcoporum

162 2311 333 2390 synodali
361 2311 528 2372 concilio
559 2311 703 2374 Galliac
735 2312 787 2390 (sc.
819 2309 1027 2388 Ebrudunum)
1059 2311 1304 2382 conveniret,

163 2410 309 2490 quidam
334 2410 445 2472 abbas
468 2411 508 2472 ab
532 2411 726 2492 Hispaniis
758 2430 824 2490 pro
854 2409 1093 2471 utilitatibus
1118 2410 1305 2471 ecclesia-

161 2529 240 2572 rum
264 2509 399 2572 ibidem
423 2509 550 2571 adfuit.
597 2511 710 2582 Quem
735 2529 814 2570 cum
844 2528 907 2588 ego
931 2517 1113 2588 peccator
1136 2509 1305 2588 inquire·

161 2626 254 2676 rem,
278 2609 423 2669 ubinam
446 2609 570 2688 passio
593 2609 952 2686 gloriosissimorum
982 2617 1184 2686 martyrum
1214 2625 1305 2668 con-

162 2716 343 2769 summata
366 2708 531 2780 luisset,
560 2709 616 2768 sic
643 2707 731 2768 mihi
754 2726 822 2786 per
844 2707 1017 2768 ordinem
1047 2716 1080 2766 et
1110 2706 1305 2768 ueritatem

162 2807 334 2886 exposuit
357 2827 398 2869 ac
419 2808 633 2886 passionem
657 2807 912 2886 conscriptam
929 2806 1045 2866 dedit.
1089 2805 1306 2885 Egoitaque

161 2906 353 2984 accipiens
377 2905 416 2966 ab
439 2905 520 2984 ipso
543 2905 677 2966 abbate
699 2913 804 2983 gesta
821 2914 1027 2984 martyrum
1045 2905 1149 2966 valde
1165 2905 1306 2966 rustice

162 3005 369 3082 composita
396 3005 489 3064 hacc
521 3011 562 3064 ut
584 3003 690 3082 potui
723 3021 823 3064 meae
858 3003 1123 3082 simplicitatis
1155 3003 1305 3083 eloquio

161 3122 226 3182 pro
249 3104 389 3165 honore
412 3122 539 3165 eorum
562 3103 701 3164 credidi
726 3103 1029 3165 emendandaeto.
1047 3109 1101 3164 ete.
1138 3103 1221 3175 Quae
1237 3123 1304 3165 cum

230 3256 273 3314 ¹⁶⁸)
292 3256 388 3306 Arulae
411 3271 553 3321 perparvae
577 3255 726 3321 inscriptum
750 3263 802 3306 est:
826 3254 876 3305 lori
901 3256 1002 3320 Optimo
1025 3255 1137 3306 Maximo
1160 3255 1305 3320 Capitolino

162 3353 273 3398 secrum3
292 3335 324 3386 cl.
344 3353 366 3386 n.
380 3337 557 3386 loto-4078.
1349 3391 1354 3400 ,

231 3409 272 3480 Μ’)
292 3419 393 3483 prcm.
412 3417 498 3469 Revue
515 3417 627 3470 arche'ol.
653 3420 703 3468 vol.
724 3420 756 3470 33
775 3419 809 3481 (u.
831 3419 905 3480 terr)
924 3435 948 3484 p.
968 3417 1016 3467 373
1040 3420 1097 3468 adu.
1114 3419 1139 3468 3.
1179 3417 1226 3469 Ubi
1250 3434 1305 3467 cunr

162 3507 263 3567 repetet
281 3499 407 3565 Capitolia
432 3501 479 3550 nisi
502 3501 528 3550 in
550 3501 659 3552 coloniis
684 3517 734 3550 non
754 3499 919 3562 obviaturi,
943 3500 999 3550 eius
1022 3516 1135 3560 errorem
1158 3500 1217 3550 inde
1239 3501 1304 3565 qued

161 3584 242 3634 minus
260 3588 365 3632 acerete
388 3582 413 3630 in
433 3582 596 3634 condiciones
616 3583 774 3646 singularum
793 3583 893 3632 urbium
913 3582 1060 3647 inquisierit
1083 3589 1166 3634 ortum
1190 3597 1246 3634 esse
1264 3598 1306 3634 re-

178 3665 296 3715 rehendo.

160 3682 175 3731 p
228 3745 441 3812 ¹⁸⁸)ol.l1auei.,
464 3760 561 3796 sneror.
586 3747 679 3798 concil.
698 3762 765 3798 nevu
782 3753 809 3796 et
827 3745 941 3810 ampliss.
961 3746 1022 3796 coll.
1041 3745 1092 3796 vol.
1105 3743 1126 3794 ll
1139 3761 1162 3810 p.
1177 3745 1219 3798 15:
1247 3761 1306 3811 pro-

161 3826 293 3878 hibendum
319 3828 409 3894 nequis
429 3827 590 3878 Christianus
618 3837 661 3880 aut
685 3829 791 3891 gentilis
814 3828 845 3878 ad
869 3826 964 3878 idolum
984 3827 1103 3893 Capitolii
1126 3843 1203 3878 canen
1226 3827 1306 3878 saeri-

163 3907 252 3958 llceedi
270 3911 391 3960 escendat
409 3917 436 3959 et
454 3909 549 3960 videat.

230 3991 272 4057 ¹⁸⁹)
289 3992 361 4042 Adde
380 3991 446 4057 quod
465 3991 505 4040 illi
523 4007 585 4057 quos
609 3992 673 4042 citat
697 3993 821 4043 Braunius
845 4008 868 4058 p.
891 3992 922 4042 to
946 3991 1006 4042 libri
1030 3997 1133 4057 praeter
1156 3991 1220 4043 illud
1244 4007 1305 4040 con-

161 4073 248 4124 cilium
266 4075 297 4124 ed
317 4073 472 4141 Capitolium
491 4074 688 4126 confirmandum
707 4075 772 4126 nibil
791 4075 929 4124 continent.

229 4157 272 4218 ¹²⁰)
290 4156 331 4207 vd.
350 4157 380 4206 Α.
400 4155 445 4208 SS.
463 4155 516 4207 lan.
535 4156 587 4208 vol.
606 4155 636 4207 lll
655 4155 689 4222 (a.
707 4158 730 4208 d.
751 4155 787 4206 Xl
806 4156 858 4206 kal.
872 4156 957 4220 Febr.)
977 4157 1007 4206 de
1019 4172 1053 4208 ss.
1073 4157 1230 4224 martyribus
1243 4156 1307 4209 Vin-

161 4239 246 4290 centio
264 4239 373 4290 Orontio
392 4238 499 4290 Victore
519 4237 654 4290 Gerundae
672 4239 698 4288 in
717 4239 847 4304 Hispania.

229 4321 272 4385 ¹²¹)
291 4321 330 4372 Ne
348 4320 450 4386 impium
469 4321 524 4386 quis
542 4337 581 4372 me
599 4321 691 4372 habeut
708 4336 770 4384 erge
788 4335 874 4372 manes
897 4319 950 4372 viri
973 4320 1003 4370 de
1025 4320 1222 4386 antiquitatibus
1239 4319 1306 4372 utc-

160 4404 235 4456 nanis
254 4402 348 4470 optime
366 4403 454 4454 ueriti
474 4405 551 4456 velim
571 4402 687 4456 conferat
704 4403 860 4468 llucangium
877 4403 895 4456 l.
914 4420 935 4456 c.
