3086 5110
735 359 959 424 „26-

358 537 428 600 Erat
442 537 647 600 Beneventum
669 545 754 598 vetus
778 536 893 600 colonia
909 535 1010 600 Latina
1035 556 1062 600 u.
1085 556 1110 598 c.
1135 535 1197 600 486
1219 535 1255 598 ad
1271 535 1445 600 Samnites

274 637 455 698 coercendos
489 645 519 698 et
547 655 643 698 mores
671 637 823 698 Romanos
850 636 882 696 in
916 635 978 698 illas
1013 635 1152 716 regiones
1183 635 1444 698 disseminandos

273 735 453 811 deducta⁷⁸).
500 735 620 796 Caesare
643 744 761 798 mortuo
784 733 1112 796 11111111111111712
1136 733 1281 796 coloniam
1304 743 1441 798 vetera-

273 851 381 896 norum
416 853 451 894 eo
487 833 728 914 deduxerunt⁷⁹),
764 833 886 896 deduxit
915 842 1013 894 autem
1043 832 1075 896 L.
1103 833 1253 894 Munatius
1282 833 1440 907 Plancus,

273 932 393 994 Antonii
416 933 584 1008 amious⁸⁰).
629 933 741 994 Deinde
764 935 914 1012 Augustus
937 951 1002 994 earn
1032 931 1132 994 denuo
1160 931 1327 1004 constituit,
1367 951 1440 1012 qua

272 1049 304 1092 re
334 1049 348 1090 a
385 1031 481 1092 Plinio
517 1032 548 1092 in
581 1031 704 1110 Augusti
742 1031 924 1094 coloniarum
958 1030 1088 1110 catalogo
1124 1031 1256 1092 coloniae
1296 1032 1439 1093 nomine

271 1128 450 1204 ornatur⁸¹).
497 1129 631 1210 Denique
654 1127 739 1201 Nero,
764 1149 853 1210 quem
878 1149 967 1192 novas
983 1128 1113 1190 colonias
1136 1129 1161 1189 si
1185 1147 1246 1190 non
1262 1129 1437 1192 deduxisse

271 1235 301 1288 at
324 1237 439 1290 veteres
460 1229 645 1311 supplevisse
668 1230 793 1302 scimus,
822 1227 969 1292 coloniam
992 1228 1230 1292 Beneventauam
1260 1228 1405 1306 auxit⁸²).

695 1381 697 1385 ’
748 1385 751 1391 ’
794 1403 892 1460 ostra.

356 1523 473 1586 Titulus
494 1523 544 1584 ille
568 1523 596 1586 C.
621 1524 643 1584 1.
666 1523 698 1584 L.
715 1523 751 1584 vl
774 1521 893 1596 47988),
917 1541 985 1586 cum
1005 1522 1117 1584 Romae
1139 1521 1170 1584 11
1194 1523 1310 1602 porticu
1331 1521 1431 1602 lapid.

269 1621 401 1684 Vaticani
422 1629 598 1695 servaretur,
621 1622 657 1684 ab
672 1621 824 1684 Henzenio
846 1621 924 1682 inter
938 1619 1147 1700 inscriptiones
1164 1619 1292 1682 urbanas
1308 1621 1428 1684 relatus

268 1728 322 1782 est.
379 1719 474 1792 Quem
508 1740 570 1782 non
605 1721 728 1782 Romam
763 1721 815 1782 sed
851 1719 963 1780 Ostiam
998 1719 1146 1799 pertinere
1180 1737 1261 1782 nunc
1287 1719 1425 1799 primum

269 1819 304 1880 H.
336 1819 445 1880 Oessau
481 1829 562 1882 recle
591 1819 798 1900 perspexit⁸⁴).
848 1819 987 1880 Fortasse
1014 1819 1093 1880 enirn
1124 1817 1240 1898 A(ulus)
1272 1818 1425 1882 Ostiensis

268 1917 456 1998 Asclepiades
480 1919 559 1980 idem
583 1927 629 1984 est
651 1929 739 1999 atque
763 1938 840 1980 unus
864 1937 899 1978 ex
915 1917 1040 1992 duobus,
1064 1918 1115 1998 qui
1131 1918 1163 1978 in
1179 1917 1277 1980 indice
1292 1919 1425 1980 familiae

268 2016 402 2096 publicae
426 2017 568 2079 Ostiensis
590 2017 609 2076 l.
634 2037 657 2078 c.
681 2037 710 2098 p.
737 2016 796 2077 132
824 2035 936 2078 nomen
960 2017 1139 2096 Asclepiadis
1170 2015 1281 2078 ferunt.
1332 2016 1422 2089 Quod

267 2125 348 2177 recte
372 2116 395 2176 si
418 2116 514 2189 habet,
539 2117 657 2177 titulum
681 2117 717 2177 ad
741 2117 854 2177 Ostiam
878 2115 1074 2177 revocandum
1102 2115 1168 2175 luce
1196 2113 1312 2174 clarius.
1361 2115 1422 2177 Sed

268 2234 304 2276 ex
332 2215 396 2293 ipso
425 2215 548 2276 nomine
578 2234 637 2295 quo
667 2215 707 2276 sit
738 2215 914 2276 referendus
945 2221 1077 2294 apparet.
1122 2211 1229 2274 Noster
1251 2211 1331 2272 enim
1356 2232 1422 2275 non

268 2329 371 2374 servus
396 2313 445 2374 sed
462 2312 585 2374 libertus
602 2321 657 2373 est.
696 2313 777 2374 Servi
800 2322 909 2384 autern,
932 2331 1000 2373 cum
1017 2311 1088 2372 nihil
1106 2310 1163 2372 nisi
1181 2329 1273 2372 unum
1289 2311 1422 2374 habeant

267 2428 390 2484 nomen,
412 2411 437 2472 si
461 2430 551 2472 manu
576 2412 738 2472 mittuntur
761 2430 871 2474 nornen
895 2410 1027 2491 patronis
1050 2409 1105 2471 sibi
1129 2409 1277 2471 vindicant
1298 2410 1353 2484 ita,
1383 2420 1420 2472 ut

254 2496 326 2590 'quo
349 2510 430 2590 prius
453 2511 542 2572 unico
566 2511 612 2571 usi
635 2518 706 2572 sunt
727 2511 784 2572 iarn
809 2527 974 2590 cognomen
1003 2509 1113 2570 evadat.
1158 2509 1254 2580 Quam
1286 2508 1323 2568 ob
1351 2527 1417 2570 rem

267 2627 334 2672 oum
357 2609 499 2670 hocloco
524 2608 606 2670 Ostia
629 2609 742 2670 colonia
766 2627 835 2670 curn
859 2627 951 2670 manu
975 2609 1088 2680 mittat,
1111 2624 1223 2668 nomen
1252 2607 1314 2668 eius
1342 2626 1416 2687 gen·

266 2707 399 2778 tiliolum,
424 2726 483 2786 quo
507 2727 542 2768 ex
566 2715 700 2788 tempore
723 2707 846 2768 libertus
868 2708 910 2780 lit,
934 2706 1080 2768 Ostiensis
1103 2725 1167 2768 esse
1189 2705 1332 2786 debet⁸⁵).

351 2806 577 2888 Inscriptionem
611 2807 647 2868 ad
681 2815 816 2886 tempora
842 2807 1057 2886 imperatorum
1086 2805 1235 2886 pertinere
1262 2805 1331 2866 inde
1364 2805 1412 2865 in·

265 2902 355 2981 telligi
378 2911 485 2983 potest,
511 2905 590 2985 quod
614 2905 746 2985 corporis
768 2905 944 2967 libertorum
969 2912 998 2966 et
1013 2923 1166 2966 servorum
1185 2903 1296 2965 mentio
1313 2902 1411 2983 est⁸⁶).

333 3095 364 3159 18)
384 3095 544 3158 Vell.114;
564 3095 621 3146 Liv.
641 3095 701 3160 epit.
721 3095 760 3146 15.

333 3177 364 3237 ⁷⁰)
383 3176 428 3227 lib.
447 3176 496 3228 col.
515 3177 574 3237 231,
593 3179 617 3227 5.

334 3258 364 3320 ⁸⁰)
383 3256 402 3308 l.
421 3257 450 3308 R.
469 3257 502 3322 N,
520 3258 595 3309 4089.

332 3340 364 3402 81)
383 3340 428 3391 lib.
447 3339 479 3390 lll
501 3341 615 3403 16,115;
635 3339 667 3392 cl.
687 3340 733 3390 lib.
752 3341 801 3392 col.
820 3339 879 3404 232,
894 3341 917 3389 7.

332 3421 664 3486 81)11.1111.111.231,5.
700 3419 1111 3472 1111111111(111111111111111
1137 3421 1253 3484 Augusta
1271 3419 1409 3470 Concordia
1448 3451 1453 3456 -

263 3502 340 3553 Felix
358 3504 528 3554 Beneventum
547 3501 578 3554 cl.
599 3503 622 3554 J.
641 3502 670 3553 R.
687 3501 719 3553 N.
740 3503 814 3554 1410.

331 3583 365 3646 88)
383 3584 414 3634 A.
434 3584 561 3635 Ostiensis
581 3585 745 3651 Asclepiades
765 3585 769 3650 Ι
790 3583 890 3635 aeditus
909 3583 1021 3650 Capitoli
1045 3583 1145 3646 siguum
1172 3582 1264 3633 Martis
1285 3581 1289 3646 Ι
1310 3583 1407 3648 corpori

264 3663 376 3717 1111111111
392 3666 396 3732 l
412 3666 512 3732 publice
526 3664 599 3732 (1111)
617 3667 767 3718 libertorum
780 3675 807 3718 et
819 3681 952 3717 servorum
964 3665 986 3715 d.
1001 3665 1023 3716 d.
1038 3671 1080 3728 l:
1091 3680 1129 3732 ap.
1146 3655 1271 3714 Orellium
1291 3663 1406 3729 112850).

335 3748 366 3810 84)
386 3748 450 3798 Boll.
469 3747 529 3798 inst.
548 3749 616 3798 ureh.
635 3764 657 3798 1.
683 3749 743 3800 1881
765 3765 788 3815 p.
809 3748 915 3814 l35sqq.

333 3829 363 3890 88)
383 3829 426 3880 Sic
454 3829 531 3879 titulo
550 3844 589 3896 ap.
608 3829 718 3880 Henzen.
746 3847 769 3881 a.
797 3831 863 3880 6402
891 3829 1002 3880 libertos
1029 3835 1133 3898 senatus
1160 3825 1291 3878 Tiburtini
1318 3826 1404 3877 dicitur

263 3909 383 3964 Senatius
415 3908 521 3976 Nephon
551 3911 656 3977 eiusque
689 3927 755 3960 uxor
781 3911 885 3962 Senatio
911 3909 1001 3974 Flora3
1032 3926 1055 3960 n.
1083 3904 1151 3959 6394
1178 3908 1268 3959 liberti
1296 3909 1403 3959 coloniae

262 3993 432 4046 Aeclaneusis
460 3992 629 4044 Maximianus
653 4001 679 4044 et
704 3993 826 4044 Marcella
858 4000 984 4044 vocantur
1022 3992 1159 4044 Aeclanius
1187 3989 1355 4042 Maximianus
1380 3998 1403 4040 et

263 4075 383 4126 Aeclnnia
410 4073 548 4139 Marcellu3
575 4073 606 4126 ol.
635 4092 658 4125 n.
686 4077 752 4126 6395
781 4075 806 4126 C.
827 4073 977 4142 Campanius
996 4075 1113 4138 Ursulus,
1140 4091 1163 4125 1.
1190 4073 1256 4125 6396
1282 4071 1402 4124 Pollentia

262 4156 394 4208 Processu.

330 4237 413 4303 88)11.
439 4240 504 4305 opud
523 4239 648 4291 Orellinm
671 4257 696 4290 n.
715 4241 794 4292 4109:
830 4239 873 4292 Cn.
898 4240 985 4291 Sentio
1005 4239 1048 4290 Cn.
1069 4239 1146 4304 fillio)
1170 4237 1214 4290 Cn.
1233 4235 1341 4306 n(epoti)
1357 4247 1401 4290 ter.

262 4320 334 4374 felici
348 4359 354 4374 .
368 4360 373 4372 .
388 4358 394 4372 .
414 4331 522 4389 petrono
542 4359 587 4374 ...
608 4337 716 4388 corpora
734 4323 924 4389 scaphuriorum
937 4360 943 4373 .
957 4358 983 4373 ..
1003 4330 1029 4374 et
1048 4323 1200 4374 libertorum
1216 4329 1242 4372 et
1254 4319 1400 4388 servorlon)

262 4401 452 4470 public(orum).
