3114 5110
745 379 962 442 ..68-

283 578 308 619 s.
331 558 457 630 llacrae,
486 557 594 637 quibus
621 555 721 636 templi
745 555 859 616 mentio
882 553 990 625 litm),
1017 554 1120 614 conlisi
1144 552 1197 614 viri
1220 553 1299 614 docti
1322 553 1437 614 Galliae

282 658 369 735 vulgo
393 657 527 717 credunt.
566 657 602 716 dt
624 655 753 735 primum
770 653 841 715 actis
857 663 1038 724 sauctorum,
1062 652 1120 712 nisi
1136 653 1253 714 accedat
1268 670 1436 732 argumen-

282 763 383 816 torum
405 755 530 834 pondus,
547 755 634 814 lidem
656 754 766 815 habere
789 769 851 814 non
870 750 1100 832 possumusffl).
1151 751 1262 812 Deinde
1286 753 1386 832 passio
1411 773 1435 812 s.

283 854 407 924 liberae,
428 862 497 914 ante
521 853 741 932 Carolingorum
772 861 904 931 tempora
934 867 994 911 non
1019 851 1194 930 conscripta.
1226 859 1288 912 tam
1317 852 1436 913 sincera

283 961 313 1012 ct
341 953 510 1030 incorrupta
541 969 602 1012 non
633 951 849 1022 videturesse,
880 959 911 1010 ut
939 949 1066 1010 nimium
1094 949 1162 1010 adei
1190 949 1217 1010 ei
1243 949 1435 1023 tribuamus;

283 1058 364 1112 certe
387 1049 438 1130 qui
467 1069 500 1110 ea
523 1050 695 1122 ediderunt,
724 1048 802 1126 quod
834 1047 1035 1108 sinceritatem
1063 1055 1166 1124 augeat
1196 1048 1241 1107 vel
1264 1049 1436 1119 confirmet,

282 1148 357 1210 nihil
375 1148 514 1208 conferre
535 1156 708 1227 potuerunt.

369 1234 471 1326 Neque
494 1267 563 1308 vero
586 1247 759 1319 defuerunt,
783 1246 832 1324 qni
857 1245 934 1321 inde,
962 1245 1039 1323 quod
1064 1244 1227 1305 ddemarus
1251 1244 1436 1306 Cabanensis

284 1347 487 1406 Sanctonae
512 1345 616 1406 urbis
640 1344 775 1423 Capitolii
797 1343 943 1415 meminit,
966 1342 1007 1402 ibi
1022 1343 1097 1403 lovis
1113 1342 1269 1421 Capitolini
1286 1345 1434 1422 templum

215 1491 232 1503 .
283 1445 375 1506 luisse
398 1442 634 1517 statueremlld.
674 1442 731 1504 Sed
755 1441 791 1503 ab
814 1442 864 1503 illo
887 1443 961 1503 falso
985 1443 1159 1502 vocabulum
1177 1452 1353 1520 usurpatum
1369 1461 1437 1502 esse

285 1562 352 1603 cum
377 1560 464 1621 supra
488 1541 530 1620 (p.
552 1542 588 1602 10
605 1542 671 1602 adn.
691 1541 741 1619 13)
765 1541 979 1614 adnotaverim,
1003 1559 1064 1601 non
1087 1540 1180 1600 habeo
1199 1541 1278 1619 quod
1296 1541 1435 1602 hocloco

286 1643 370 1721 plura
394 1641 480 1702 verba
502 1640 618 1702 faciam.

720 1847 753 1911 7.
786 1845 1000 1911 Germania.

673 2013 813 2082 Augusta
838 2011 1049 2066 Trevirorum.

371 2132 532 2211 Postquam
555 2133 706 2210 Augustus
729 2130 872 2191 militibus
896 2129 1028 2190 deductis
1051 2128 1255 2208 indigenisque
1278 2131 1434 2210 adscriptis

286 2232 422 2292 Treviros
445 2231 510 2291 iure
532 2231 665 2292 colonico
689 2227 922 2304 ornaverat²⁵⁶)‚
946 2227 1131 2306 temporibus
1147 2227 1363 2306 imperatorum
1378 2249 1434 2308 op·

286 2330 389 2409 pidum
413 2332 452 2390 ita
476 2339 681 2402 astanetum,
711 2337 744 2390 ut
766 2329 844 2389 brevi
869 2328 948 2388 inter
971 2327 1153 2388 nobilissima
1178 2336 1206 2388 et
1229 2329 1434 2407 potentissima

355 2469 400 2532 ²⁵⁵)
418 2469 449 2518 Α.
469 2469 512 2518 SS.
531 2467 581 2518 lan.
600 2466 684 2517 toml
703 2469 735 2529 (a.
755 2468 778 2515 d.
793 2465 847 2516 Vlll
864 2466 898 2516 id.
911 2465 973 2528 lan.)
993 2481 1015 2530 p.
1034 2465 1083 2514 325
1100 2465 1160 2514 edit.
1184 2466 1292 2530 primae:
1317 2465 1433 2528 „Rictio-

286 2567 366 2602 varus
385 2551 426 2610 (de
446 2567 493 2614 quo
514 2551 555 2600 vd.
575 2546 643 2598 inira
661 2565 681 2598 s.
703 2565 725 2597 v.
739 2546 853 2609 Treviri)
872 2546 1062 2596 alliocletiuno
1075 2553 1101 2596 et
1114 2545 1268 2597 Maximiano
1283 2548 1308 2596 in
1322 2547 1433 2598 Galliam

286 2633 407 2696 mittitur,
426 2639 454 2681 ut
472 2631 624 2694 religionem
643 2630 848 2681 Christianorum
867 2630 968 2694 penitus
987 2630 1160 2679 aboleret
1180 2629 1313 2692 Virginem
1333 2630 1434 2680 nomine

286 2715 399 2765 Macram
418 2713 574 2763 invenit...
594 2728 666 2776 quam
685 2712 723 2761 sic
742 2711 832 2760 allatus
852 2719 903 2759 est:
994 2713 1054 2762 volo
1074 2727 1136 2776 ergo
1160 2721 1185 2762 te
1204 2713 1283 2774 scire,
1307 2727 1320 2760 a
1344 2727 1433 2762 sacra-

287 2795 396 2846 tissimis
415 2794 611 2859 imperatoribus
630 2795 712 2858 legem
732 2807 788 2842 esse
806 2793 940 2857 prolatam,
955 2829 960 2838 .
977 2831 981 2842 .
997 2830 1003 2842 .
1022 2800 1051 2842 ut
1069 2795 1149 2844 ornnis
1162 2795 1203 2860 qui
1216 2793 1284 2843 lovis
1297 2793 1433 2856 imaginem

287 2878 417 2939 venerari,
436 2877 486 2926 imo
506 2877 613 2926 adorare
633 2875 761 2937 renuerit,
780 2873 997 2938 insuperabilibus
1015 2876 1149 2924 tormentis
1173 2876 1308 2924 addicatur
1327 2911 1375 2925 ...
1394 2891 1434 2924 sa·

287 2961 372 3010 crifica
390 2960 440 3009 diis
461 2959 558 3022 magnis
573 2996 578 3008 .
592 2996 598 3008 .
613 2995 619 3008 .
636 2958 791 3024 prospice
814 2957 850 3004 ad
870 2956 1064 3020 Capitolium
1084 2955 1237 3006 ctsacrilica
1250 2956 1309 3005 diis.
1347 2957 1433 3006 Macra

289 3041 435 3106 respondit:
449 3041 575 3102 Christus,
589 3039 629 3088 oui
642 3055 679 3088 me
692 3046 746 3088 tota
760 3039 897 3088 devotione
910 3038 1033 3100 commisi,
1051 3038 1251 3102 Capitolium
1264 3045 1315 3087 est
1328 3053 1433 3102 meum,

287 3123 312 3170 in
332 3137 404 3186 quem
423 3137 520 3185 semper
539 3121 650 3184 respicio
738 3117 809 3168 Tunc
833 3133 935 3184 peraesos
958 3133 973 3168 a
996 3121 1221 3169 circumstantibus
1243 3119 1365 3168 iudicium
1390 3136 1434 3168 ex·

288 3205 409 3270 poscit..
425 3241 445 3266 .,
464 3219 570 3268 quorum
588 3203 651 3251 baec
669 3200 719 3252 luit
736 3201 870 3264 sententia,
889 3209 917 3252 ut
935 3204 1033 3266 quando
1058 3209 1179 3253 renueret
1198 3203 1293 3265 magnis
1320 3204 1370 3252 diis
1390 3203 1433 3251 irn-

288 3285 392 3346 molare,
410 3285 446 3332 ad
465 3283 672 3349 Capitolium,
691 3299 738 3348 quo
757 3283 839 3332 libare
859 3275 1093 3348 negligebathiva
1112 3284 1332 3334 combureretur-“.

356 3367 399 3426 ²⁵⁴)
418 3365 523 3427 Marlot,
542 3363 657 3413 llistoire
675 3364 705 3413 de
724 3363 809 3413 liebus
828 3363 900 3414 1505
920 3374 1022 3430 praeter
1042 3365 1066 3414 S.
1087 3365 1189 3416 Macrae
1208 3365 1356 3415 meuroriam
1370 3367 1433 3415 nibil

288 3449 352 3498 dicit
371 3450 401 3498 de
421 3447 562 3511 Capitoli03
582 3451 693 3494 attamen
712 3439 805 3496 iterum
824 3445 964 3511 iterumque
983 3447 1059 3495 testis
1078 3447 1226 3496 adhibetur!
1263 3447 1295 3496 Μ,
1315 3447 1431 3510 Tallliar‚

290 3533 324 3580 Le
344 3537 433 3580 contre
452 3537 478 3578 et
496 3530 520 3578 le
539 3528 603 3576 nord
622 3528 652 3576 de
671 3529 697 3578 la
716 3527 797 3578 Gaulo
816 3545 847 3578 an
866 3526 946 3578 sibcle
966 3528 1104 3591 d'Auguste
1124 3536 1150 3579 et
1169 3545 1228 3578 sous
1247 3530 1286 3578 les
1306 3531 1432 3579 Antonius

289 3614 315 3662 in
334 3617 495 3660 commentat.
514 3609 639 3658 Sorbouu.
661 3610 725 3660 1869
745 3611 859 3659 llistoirc
882 3611 970 3676 philol.
990 3618 1038 3660 etc.
1058 3627 1081 3676 p.
1096 3612 1128 3661 lu
1147 3612 1210 3660 haec
1228 3611 1336 3660 mirilica
1354 3613 1432 3661 verba

289 3693 364 3743 lacit:
384 3693 439 3756 „Un
458 3691 569 3756 capitolo
588 3691 631 3755 qui
651 3707 667 3758 y
686 3699 726 3740 est
744 3688 815 3752 erige
835 3699 890 3741 sert
907 3689 923 3740 b
940 3693 964 3740 la
984 3691 1033 3741 lois
1053 3694 1082 3740 de
1101 3693 1248 3742 sanctuaire
1267 3693 1395 3756 religieux
1409 3701 1433 3741 ct

290 3776 320 3825 de
340 3774 420 3839 palais
441 3789 503 3838 pour
521 3772 558 3821 les
577 3773 771 3834 magistrats!“.

358 3855 402 3916 1ῦῦ)
422 3853 446 3903 ln
467 3855 645 3904 instrumentis
664 3854 782 3919 publicis,
802 3869 864 3919 quae
883 3855 1028 3920 pertineant
1047 3855 1076 3904 ad
1097 3853 1221 3920 Pipinnrn,
1245 3855 1370 3920 Capitolii
1390 3871 1433 3904 vo-

290 3939 343 3987 cem
363 3937 465 4002 saepius
483 3951 619 3986 occurrere
638 3953 685 4002 quo
705 3937 760 3987 iure
780 3935 848 3986 Petr.
869 3937 990 3987 Pithoeus
1009 3938 1118 3987 Advers.
1137 3935 1158 3986 ll
1177 3953 1197 3985 c.
1214 3937 1244 3989 18
1263 3937 1432 3998 contenderit,

291 4034 337 4082 ego
356 4018 497 4068 diiudicare
516 4034 564 4067 non
584 4033 693 4084 possum.

358 4099 400 4161 l⁵⁶)
420 4098 527 4149 Colonia
546 4109 654 4151 vocatur
671 4097 762 4150 Tacito
781 4099 841 4150 bist.
860 4099 894 4150 lV
917 4100 958 4149 62.
979 4101 1010 4149 72
1033 4100 1081 4162 al.;
1106 4101 1154 4150 col.
1178 4100 1243 4164 Aug.
1266 4099 1433 4151 Trevirorum

291 4198 329 4247 ap.
350 4181 394 4232 0r.
413 4179 488 4230 2773.
508 4179 570 4244 839;
590 4181 637 4231 col.
652 4183 716 4244 Aug.
737 4182 806 4232 Patr.
825 4183 928 4232 'l'revirz
948 4181 973 4232 iu
986 4183 1100 4231 ‘unrnmis
1119 4182 1165 4232 sub
1178 4182 1337 4247 Vespasiano
1356 4184 1432 4231 cusis.

291 4263 433 4312 Secundum
452 4263 533 4326 igitur
552 4279 614 4328 eam,
634 4277 707 4328 quam
725 4261 894 4314 Mommseuus
908 4266 1038 4330 praecepit
1051 4263 1165 4326 regulam
1183 4261 1301 4329 (praelat.
1316 4264 1433 4329 inscript.

292 4349 355 4407 Aug.
374 4344 467 4406 Vindd,
487 4346 588 4396 colonia
606 4347 638 4395 ud
657 4344 788 4396 Caesarem
807 4345 956 4408 Augustum,
983 4361 1033 4394 uon
1052 4346 1082 4396 ad
1106 4346 1220 4410 quemvis
1248 4347 1303 4396 cius
1327 4346 1432 4395 nominis

291 4426 527 4493 imperatoremm
547 4428 629 4479 voluit
647 4427 779 4493 Zumptius
797 4428 815 4478 l.
834 4445 856 4478 e.
876 4426 962 4490 1385,
981 4427 1114 4478 reserenda
1133 4435 1181 4478 est.
