3086 5110
743 380 962 444 -36-

283 562 392 642 absque
405 561 521 624 delectu
533 577 607 638 quae
620 559 750 620 seniores
768 559 946 622 retulerant‘
959 557 1058 620 omnia
1072 557 1153 637 operi
1167 575 1221 620 suo
1233 557 1367 620 inseruit
1376 558 1459 636 182).

281 661 332 722 ille
355 661 446 739 igitur
468 658 675 738 Apollinarem,
699 657 819 720 natione
843 658 1072 732 Antiochenam,
1100 677 1166 720 cum
1192 657 1279 718 Petro
1302 659 1454 722 Romam

282 759 400 820 venisse
416 758 529 819 atinde
546 758 714 820 Ravennam
739 777 771 818 se
795 758 956 818 contulisse
972 765 1130 836 postquam
1147 756 1275 818 breviter
1297 761 1455 841 narravit

282 867 408 920 mortem
433 856 496 918 eius
519 857 562 920 sic
585 856 738 918 describit:
763 855 874 934 „igitur
896 856 1085 918 beatissimus
1103 856 1278 935 Apollinaris
1294 876 1368 918 cum
1391 859 1451 918 in-

281 958 360 1036 genti
377 957 506 1037 pendere
522 956 592 1020 lerri
610 956 642 1018 in
658 973 806 1018 carcerem
826 956 933 1018 missus
949 963 1004 1029 est,
1023 973 1083 1018 non
1100 957 1184 1034 longe
1200 956 1235 1016 ad
1252 956 1448 1036 Capitolium

280 1057 366 1118 istius
382 1056 538 1118 Ravennae
554 1055 710 1116 civitatis.“
747 1055 826 1116 Maec
849 1063 911 1118 acta
935 1055 1097 1118 sinceriora
1121 1063 1150 1116 et
1172 1055 1340 1134 antiquiora
1367 1076 1449 1120 esse

280 1175 368 1236 quam
393 1174 469 1235 quae
492 1154 592 1216 statim
616 1155 787 1234 depromam
811 1173 899 1216 nemo
922 1172 982 1216 uon
1003 1154 1122 1216 videbit.
1163 1153 1325 1232 Utramque
1350 1157 1448 1216 enim

280 1255 482 1316 narrationem
507 1254 616 1332 siquis
639 1253 806 1322 contulerit,
837 1253 908 1333 quin
932 1254 962 1315 in
986 1253 1119 1332 longiore
1142 1272 1206 1315 vera
1228 1252 1449 1333 probabilibus
1518 1333 1519 1338 ἵ

280 1363 310 1416 et
332 1355 472 1416 fabulosis
496 1353 584 1416 rebus
607 1360 742 1414 contexta
766 1352 898 1425 sintita,
928 1361 961 1416 ut
983 1361 1086 1416 auctor
1108 1353 1172 1414 eius
1194 1351 1328 1414 breviore
1355 1361 1448 1416 tam-

279 1471 368 1533 quam
384 1452 446 1514 basi
469 1471 539 1514 usus
562 1451 678 1513 mendis
700 1458 729 1512 et
745 1451 973 1514 rrarratiunculis
990 1451 1174 1512 miraculosis
1191 1470 1254 1514 eam
1268 1440 1446 1528 refarciret,

280 1553 414 1614 dubitare
438 1569 497 1612 non
521 1551 642 1631 poterit.
677 1551 736 1611 Sed
757 1551 792 1612 ad
816 1550 907 1631 ipsius
931 1551 1076 1630 passionis
1099 1551 1186 1612 verba
1209 1550 1444 1630 aggrediamur:

280 1652 372 1722 „Cum
387 1659 534 1712 cresceret
547 1650 648 1730 opinio
661 1650 738 1711 beati
751 1649 928 1730 Apollinaris
942 1695 948 1710 .
964 1695 970 1709 .
986 1695 992 1708 .
1006 1649 1174 1710 nuntiatum
1187 1657 1231 1710 est
1243 1649 1279 1708 de
1292 1668 1327 1710 eo
1342 1648 1444 1712 iudici

281 1749 454 1817 Saturnino.
478 1749 526 1828 qui
551 1749 718 1829 producens
743 1754 811 1810 eum
836 1748 939 1808 statuit
956 1767 1023 1808 eum
1041 1756 1108 1808 ante
1124 1748 1279 1827 pontifices
1295 1748 1443 1826 Capitolii

282 1848 461 1908 Ravennatis
478 1856 507 1908 et
522 1847 714 1926 interrogavit
730 1866 797 1908 eum
814 1849 873 1908 dux
890 1847 960 1926 quid
978 1848 1063 1908 vellet
1078 1865 1154 1907 esse.
1191 1847 1242 1907 Cui
1259 1849 1442 1926 respondit:

279 1947 372 2010 Filius
396 1946 447 2008 Dei
564 1947 617 2008 Cui
640 1948 699 2010 dux
722 1947 775 2007 ait:
804 1947 841 2008 Et
862 1947 926 2025 ipse
949 1956 978 2006 te
1002 1947 1081 2008 misit
1103 1947 1138 2008 ad
1162 1964 1226 2018 nos,
1250 1955 1284 2008 ut
1306 1965 1440 2008 evacues

280 2047 388 2127 templa
413 2047 539 2108 deorum
563 2041 759 2108 nostrorum?
789 2047 834 2108 Au
858 2045 975 2126 ignoras
996 2065 1113 2108 sacrum
1134 2063 1242 2120 nomeu
1267 2046 1355 2117 lovis
1383 2047 1438 2126 qui

278 2165 402 2224 maguus
420 2156 465 2208 est
479 2147 628 2208 habitator
644 2146 776 2225 Capritolii
792 2145 882 2206 buius
898 2142 1044 2206 civitatis?
1067 2145 1242 2225 Apollinaris
1258 2147 1434 2224 respondit:

280 2245 354 2318 Quis
377 2245 416 2304 sit
438 2243 585 2304 habitator
601 2244 706 2322 ignoro
723 2253 752 2304 et
768 2245 854 2324 quale
870 2242 1018 2323 templum
1034 2245 1140 2308 habeat
1155 2262 1215 2304 non
1232 2244 1309 2304 novi.
1338 2245 1436 2306 Aiunt

279 2342 449 2422 pontifices:
473 2342 587 2404 Veniet
602 2342 667 2403 vide
683 2361 823 2422 magnum
839 2343 984 2422 templum
1002 2350 1032 2404 et
1047 2342 1122 2404 mire
1138 2351 1312 2404 exornatum
1328 2343 1435 2422 ibique

279 2459 385 2504 cernes
408 2441 598 2504 simulacrum
623 2441 810 2504 invictissimi
834 2441 917 2502 lovis.
948 2441 1081 2521 Cumque
1098 2441 1234 2502 intrasset
1253 2441 1431 2520 Capitolium

279 2542 385 2602 beatus
401 2541 587 2620 Apollinaris,
611 2539 769 2602 subridens
792 2541 833 2601 ait
855 2541 1057 2620 pontificibus:
1082 2541 1138 2602 ista
1155 2547 1236 2602 tanta
1251 2550 1431 2604 ornamenta

280 2659 367 2702 aurea
391 2648 421 2702 et
443 2651 582 2720 argentea
606 2641 713 2703 melius
736 2649 874 2720 poterant
902 2641 1080 2720 pauperibus
1111 2640 1225 2718 erogari
1248 2659 1334 2720 quam
1359 2651 1431 2702 ante

279 2748 471 2819 conspectum
500 2741 679 2802 daemonum
711 2740 849 2820 appendi.
894 2741 980 2800 Tunc
1009 2741 1158 2802 irruentes
1181 2739 1336 2818 pontifices
1358 2754 1430 2802 cum

278 2841 387 2920 populo
411 2858 500 2920 super
523 2859 591 2904 eum
616 2841 707 2902 nimia
736 2859 803 2902 eum
834 2841 922 2902 caede
946 2848 1223 2902 mactaverunt...
1244 2841 1428 2902 Accersivit

278 2939 378 3019 itaque
400 2939 573 3004 Messalinus
595 2941 720 3003 vicarius
744 2940 775 3002 in
797 2940 980 3020 praetorium
1003 2958 1092 3002 suurn
1116 2939 1312 3018 Apollinarem
1335 2948 1365 3000 et
1388 2940 1427 3000 ait

278 3039 305 3098 ei
327 3058 425 3100 coram
450 3039 656 3102 sacerdotibus
673 3039 807 3118 Capitolii
824 3085 916 3099 .....
930 3039 1105 3100 Messalinus
1122 3039 1246 3100 vicarius
1270 3038 1356 3100 dixit:
1381 3039 1425 3098 Tu

278 3137 352 3197 mibi
374 3138 550 3217 persuadere
574 3157 633 3200 non
663 3147 763 3218 potes,
794 3146 828 3200 ut
857 3158 909 3217 ego
941 3139 1011 3200 deos
1039 3156 1147 3216 sequar
1174 3137 1305 3214 ignotos,
1336 3139 1423 3217 quia

278 3243 380 3297 senatu
405 3237 516 3316 recepti
539 3255 600 3297 non
617 3243 704 3311 sunt3
727 3237 777 3297 sed
802 3237 866 3298 istis
889 3237 1062 3316 postpositis
1078 3237 1182 3297 accede
1196 3237 1231 3297 ad
1249 3237 1421 3316 Capitolium

278 3343 306 3396 et
330 3336 467 3398 manibus
490 3335 549 3396 tuis
571 3354 651 3416 pone
674 3337 758 3397 thura
783 3355 888 3415 magno
913 3337 968 3396 deo
984 3335 1043 3396 Iovi
1059 3335 1174 3396 tonanti
1189 3381 1195 3396 .
1209 3381 1215 3396 .
1230 3335 1421 3416 Apollinaris

277 3436 443 3515 respondit:
472 3437 535 3496 Jam
567 3455 614 3496 me
644 3435 821 3514 perductum
849 3436 880 3498 in
903 3435 1076 3516 Capitolium
1102 3435 1278 3508 existimato,
1302 3453 1422 3496 securus

277 3544 342 3596 esto
365 3535 433 3614 quia
458 3535 593 3596 manibus
616 3535 691 3595 meis
720 3536 806 3596 thura
836 3553 898 3596 non
926 3539 1067 3614 ponam.“
1112 3533 1221 3594 Deinde
1249 3534 1420 3594 inexilium

277 3633 385 3694 missus
409 3651 443 3694 ex
466 3633 588 3694 Thracia
611 3640 678 3712 post
699 3635 820 3695 tertium
845 3652 956 3695 annum
980 3633 1139 3694 revertitur
1161 3634 1341 3694 Ravennam.
1369 3633 1422 3693 Ubi

277 3751 345 3792 cum
371 3733 475 3793 missas
499 3734 617 3812 quando
641 3741 758 3794 teneret
780 3733 886 3795 seditio
914 3741 976 3794 orta
1007 3739 1051 3794 est
1080 3739 1131 3808 „et
1153 3732 1301 3794 irruentes
1324 3733 1421 3811 populi

278 3851 368 3911 super
391 3851 470 3902 eum,
493 3832 615 3910 ligatum
639 3834 673 3894 ad
697 3833 794 3894 forum
819 3833 1041 3914 perduxerunt.
1057 3832 1170 3920 ..Quem
1189 3831 1322 3892 videntes
1345 3851 1419 3910 pon·

276 3930 368 3992 tilices
385 3931 519 4010 Capitolii
541 3931 684 4012 indignati
708 3941 778 3994 sunt
801 3933 950 3994 dicentes:
974 3950 1034 3993 nora
1059 3941 1105 3992 est
1127 3931 1234 4009 dignus
1258 3931 1314 3992 iste
1335 3949 1419 4010 prae-

277 4030 387 4091 sentari
409 4048 517 4110 magno
541 4032 595 4092 deo
617 4031 687 4111 lovi,
716 4031 783 4110 quia
808 4032 980 4110 frequenter
1002 4049 1071 4091 enm
1092 4029 1192 4104 illusit,
1222 4031 1273 4092 sed
1298 4031 1418 4092 ducatur

348 4266 390 4329 ¹³²)
408 4264 439 4316 cl.
459 4267 604 4318 baebinium
622 4267 686 4334 apud
701 4267 825 4319 Moratur.
845 4267 865 4320 11
888 4271 898 4319 t
919 4285 942 4334 p.
957 4268 981 4318 8.
1001 4268 1040 4319 10.
1059 4267 1090 4320 31
1110 4267 1240 4334 ipsumque
1253 4267 1417 4320 Muratoriam

274 4363 299 4412 p.
318 4347 341 4398 3.
378 4345 449 4414 Quod
468 4347 558 4400 Piniua
577 4351 603 4400 in
622 4357 736 4402 actorum
754 4350 936 4402 commentario
955 4349 1061 4416 praevio
1081 4349 1223 4415 disputavit
1241 4365 1272 4400 ex
1290 4352 1415 4402 Baecbinii

274 4426 435 4494 praelatione
454 4432 601 4498 descripsit.
