3086 5110
726 432 948 496 ..20-

264 610 394 672 Veneriis
424 607 548 690 prodiit,
576 617 606 671 et
636 610 716 671 Gior.
741 610 918 672 Remondini
942 610 1075 692 Capitolii
1110 631 1149 671 ne
1171 610 1260 671 verbo
1290 609 1409 689 quidem
1456 619 1459 623 “

264 709 465 772 meminerint.
503 710 561 772 Sed
586 709 743 772 redeamus
766 711 844 772 unde
867 710 991 788 digressi
1013 729 1126 772 sumus.
1164 710 1207 770 Er
1228 710 1344 770 duobus
1360 709 1411 788 qui

264 809 486 889 appellabantur
498 829 521 870 s.
531 809 651 882 Felices,
665 810 809 882 Adonem,
822 810 871 888 qui
890 810 1041 888 utriusque
1056 817 1119 870 acta
1136 811 1259 870 contusa
1275 808 1305 869 in
1322 826 1409 873 unam

263 907 434 969 relationem
464 907 739 986 conglomeravit⁴⁸t
776 908 1009 985 siaegtexeris,
1037 927 1060 969 s.
1090 907 1214 969 Felicem
1244 908 1410 969 Romanum

263 1007 359 1070 solum
395 1007 430 1067 ad
466 1005 521 1068 nos
555 1007 706 1088 pertinere
741 1025 910 1086 cognosces.
974 1007 1063 1068 Cuius
1096 1007 1185 1080 actis,
1219 1025 1286 1067 cnm
1321 1007 1411 1068 Nolae

262 1105 366 1168 vixerit
392 1114 482 1186 atque
517 1115 654 1167 mortuus
679 1106 731 1176 sit,
760 1107 830 1186 quin
855 1105 924 1167 illud
949 1105 1121 1186 Capitolium
1146 1105 1327 1185 significetur
1350 1123 1411 1166 non

263 1205 386 1268 dubium
404 1205 519 1266 videtur
535 1201 654 1281 esse¹⁹).
673 1237 713 1250 -
726 1205 888 1283 Antiquam
905 1205 1045 1284 oppidum
1063 1214 1126 1266 erat
1149 1205 1253 1266 eodem
1270 1205 1335 1266 loco
1351 1223 1411 1283 quo

264 1305 337 1366 Nola
372 1325 446 1385 quae
475 1323 556 1366 nunc
586 1315 631 1366 est
660 1304 750 1383 idque
776 1303 807 1364 in
835 1303 1013 1382 planitiem).
1059 1304 1160 1383 ltaque
1183 1304 1208 1364 si
1232 1303 1410 1384 Capitolium

264 1404 366 1466 babuit
388 1405 458 1465 illud
482 1404 513 1464 in
537 1404 624 1484 plano
648 1404 711 1464 solo
734 1403 825 1463 luisse
850 1402 1007 1464 verisimile
1032 1410 1087 1463 est.
1133 1402 1204 1462 Cum
1230 1402 1309 1463 Sulla
1331 1421 1409 1463 anno

262 1525 288 1565 a.
312 1504 379 1565 Chr.
403 1519 430 1563 n.
455 1501 494 1562 80
524 1501 678 1562 Samnium
708 1500 870 1573 subiceret,
904 1501 934 1561 in
963 1501 997 1562 iis
1029 1509 1091 1561 crat
1121 1500 1250 1580 oppidis,
1280 1519 1354 1578 quae
1384 1502 1410 1562 ei

261 1602 428 1666 diutissime
448 1601 637 1681 maximeque
659 1601 842 1663 resisterent.
889 1601 1022 1660 Tandem
1047 1599 1119 1661 urbe
1141 1619 1157 1660 a
1186 1599 1333 1678 praesidio
1356 1601 1408 1660 de-

265 1709 343 1763 serta
368 1709 457 1780 atque
480 1701 573 1761 deleta
597 1701 723 1761 dictator
746 1718 832 1778 agros
849 1698 991 1760 militibus
1011 1697 1230 1777 adsignavitfl),
1254 1699 1306 1759 sed
1330 1699 1408 1760 colo-

263 1801 341 1860 niam
365 1799 406 1860 ibi
428 1799 620 1860 constituisse
642 1815 702 1860 non
726 1799 849 1868 ridetur,
878 1816 944 1858 cum
969 1797 1069 1860 Cicero
1092 1795 1137 1857 bis
1164 1797 1195 1856 in
1220 1798 1284 1875 lege
1306 1807 1408 1859 contra

262 1896 380 1960 Rullum
416 1898 526 1978 agraria
562 1897 733 1977 praecipuas
764 1897 940 1976 Campaniae
975 1896 1062 1958 urbes
1094 1913 1273 1957 enumerans
1305 1896 1407 1958 Nolam

262 1997 379 2059 silentio
414 2005 584 2077 praetereat.
643 1997 716 2057 Cum
751 2004 848 2056 autem
890 1994 995 2075 primis
1035 1996 1249 2074 imperatorum
1284 1995 1409 2056 sacculis

260 2097 365 2166 urbem
390 2114 450 2158 non
466 2112 468 2116 ’
481 2093 561 2176 parvi
586 2094 713 2155 nominis
736 2095 827 2155 fuisse
858 2095 997 2163 sciamus,
1021 2095 1183 2155 revocanda
1206 2094 1321 2155 videtur
1345 2113 1409 2154 esse

261 2197 325 2257 eius
354 2195 527 2274 magnitudo
550 2195 586 2254 ad
609 2195 794 2272 Augustum,
829 2194 879 2274 qui
908 2214 942 2254 eo
970 2193 1129 2264 coloniam,
1163 2212 1252 2272 quam
1284 2192 1409 2254 subinde

258 2295 456 2374 'Vespasianus
488 2293 651 2373 supplerit,
686 2293 807 2353 deduxit
835 2301 866 2352 et
894 2312 960 2354 cum
990 2301 1071 2353 esset
1098 2293 1190 2371 patria
1218 2309 1270 2352 sna
1295 2291 1409 2353 ornavit

259 2403 350 2474 atquc
373 2391 508 2471 auxit⁵2t

757 2567 908 2640 Pompeii.

346 2687 469 2750 Vitrurii
485 2687 629 2766 verbis⁶³)
647 2687 750 2747 conlisi
768 2687 873 2747 Castan
889 2687 908 2745 l.
926 2706 949 2746 c.
967 2705 995 2766 p.
1013 2685 1052 2746 66
1076 2695 1105 2746 et
1121 2685 1172 2765 qui
1187 2685 1269 2746 illum
1287 2692 1406 2746 secatus

260 2797 304 2850 est
320 2787 416 2866 Saglio
433 2787 582 2866 Pompeiis
604 2787 747 2866 templum
766 2786 962 2864 Capitolinum
985 2785 1078 2845 fuisse
1100 2791 1279 2846 statuerunt.
1325 2784 1406 2870 ldem

260 2896 288 2949 et
311 2905 364 2966 ego
386 2905 568 2977 quamquam
592 2885 662 2946 alias
686 2885 723 2946 ob
740 2903 842 2946 causas
858 2894 940 2964 puto.
973 2885 1157 2964 deprimam
1180 2883 1267 2946 rerba
1286 2883 1405 2945 Vitrurii

325 3016 358 3082 ⁴⁸)
377 3015 409 3066 ei.
428 3015 489 3066 ibid.
509 3029 533 3080 p.
553 3013 603 3064 220
622 3013 638 3078 ξ
657 3011 696 3064 lll.

326 3097 357 3160 ⁴⁹)
382 3098 397 3146 l.
420 3115 443 3147 c.
461 3113 484 3162 p.
504 3096 552 3146 233
582 3094 597 3159 ἓ
619 3097 645 3146 1;
683 3097 709 3144 Β.
731 3095 805 3146 Felix
830 3096 964 3163 presbyter
986 3133 1013 3146 ..
1036 3104 1094 3146 autc
1118 3096 1259 3161 praesidem
1284 3095 1407 3145 Draccurn

260 3180 393 3243 adductus,
414 3195 468 3228 cum
486 3179 566 3230 molta
585 3179 614 3228 dc
627 3179 755 3244 portentis
769 3179 881 3240 deornm,
900 3179 963 3242 qnod
978 3178 1042 3228 nibil
1055 3186 1151 3240 essent,
1162 3179 1321 3244 disputaret,
1339 3193 1407 3227 enm-

259 3276 306 3326 que
320 3259 464 3326 praelectus
477 3261 608 3310 immolare
622 3259 775 3325 impelleret,
787 3260 933 3326 respondit:
946 3258 1045 3310 Inimici
1058 3261 1121 3310 estis
1133 3261 1235 3311 deorum
1247 3268 1406 3320 vestrorum

256 3344 287 3392 ad
307 3359 469 3409 quaecunque
488 3343 552 3393 enim
571 3358 610 3392 mo
628 3342 731 3393 deorum
751 3349 895 3394 vestrorum
916 3343 1007 3408 templa
1026 3342 1163 3404 duxeritis,
1182 3343 1230 3394 boc
1244 3344 1282 3393 ais
1295 3341 1407 3404 eveniet,

256 3425 323 3490 qaod
343 3426 430 3476 evenit
448 3425 511 3488 illis,
533 3425 563 3474 ad
578 3439 650 3489 quem
669 3437 749 3473 meum
762 3423 868 3474 fratrem
882 3423 992 3474 Felicem
1011 3440 1057 3474 vos
1071 3425 1175 3476 duxisse
1194 3426 1328 3491 paenituit.
1357 3425 1407 3474 Sed

257 3506 282 3556 si
301 3506 384 3557 vultis
404 3506 513 3572 probare
532 3507 655 3558 virtutem
679 3506 775 3556 domini
798 3507 848 3557 mei
871 3505 927 3556 lesa
946 3507 1057 3570 Christi,
1085 3522 1123 3556 mc
1142 3509 1173 3556 ad
1192 3507 1347 3573 Capitolium
1367 3507 1406 3556 irc

257 3587 356 3653 iubete,
381 3597 409 3639 ut
427 3589 508 3654 ipsum
528 3588 611 3640 lovem
629 3588 770 3654 principem
788 3588 977 3640 daemoniorum
996 3595 1143 3639 vestrorum
1162 3603 1238 3639 ruere
1258 3587 1358 3639 iaciant.

324 3670 357 3736 ⁶⁰)
375 3671 432 3721 Liv.
454 3671 499 3721 lib.
519 3669 603 3721 XXlll
626 3671 672 3720 45:
701 3671 805 3735 Nolam,
828 3677 993 3737 campestrem
1019 3671 1117 3735 urbem,
1143 3687 1191 3720 nou
1215 3672 1329 3746 ilumine.
1357 3685 1405 3720 non

255 3751 321 3802 arari
340 3759 469 3818 saeptam
496 3750 529 3804 ci.
547 3752 594 3802 Sil.
614 3750 670 3803 ltal.
689 3751 738 3803 Xll
758 3753 814 3805 162.

325 3834 357 3896 ⁶¹)
377 3835 421 3884 lib.
440 3835 489 3884 eol.
509 3851 531 3900 p.
551 3834 609 3898 236,
629 3835 657 3896 33
686 3835 786 3901 Zumpt.
805 3836 822 3886 l.
841 3851 862 3884 c.
881 3851 904 3901 p.
925 3835 982 3885 254.

323 3913 356 3979 Βἲ)
375 3915 468 3966 Merito
487 3916 566 3980 igitur
585 3918 608 3966 in
628 3931 732 3968 numero
751 3925 792 3968 est
809 3917 998 3979 duodetriginta
1017 3917 1175 3967 coloniarum
1192 3931 1254 3982 quas
1274 3916 1406 3980 Angustus

255 4011 285 4047 se
309 3997 389 4062 ipsam
412 3997 438 4046 in
462 3996 537 4048 ltalia
561 3999 697 4050 deduxisse
719 4000 856 4064 profitetur
874 3999 941 4050 Mon.
961 4000 1056 4066 Aneyr.
1077 3997 1147 4049 136.
1184 3998 1289 4050 Colonia
1309 3997 1405 4048 dicitur

255 4077 275 4130 l.
294 4077 322 4127 ll.
342 4079 371 4130 N.
394 4079 468 4129 1985.
490 4080 562 4132 1997.

322 4159 356 4223 θ’)
377 4161 421 4210 lib.
434 4159 467 4211 lll
480 4161 507 4212 2:
527 4160 552 4212 ln
572 4163 729 4230 araeostylis
748 4170 832 4212 autem
852 4177 897 4213 nec
917 4163 1025 4229 lapideis
1045 4177 1090 4212 nec
1108 4162 1259 4212 marmoreis
1272 4161 1404 4229 epistyliis

254 4242 293 4291 nti
316 4243 405 4306 datur,
432 4243 476 4293 sed
500 4245 665 4310 imponendae
688 4245 718 4294 de
741 4246 848 4295 materia
869 4247 956 4295 trabes
975 4252 1114 4310 perpetuae
1132 4252 1160 4294 et
1178 4245 1287 4310 ipsarum
1306 4243 1405 4294 aedium

254 4324 353 4389 specics
382 4332 441 4375 sunt
470 4327 655 4393 berycepbalae
683 4327 790 4377 humiles
819 4328 887 4378 latae
913 4335 1085 4392 ornanturque
1109 4327 1190 4390 signis
1215 4326 1337 4377 fictilibus
1361 4335 1406 4378 aut

254 4406 341 4456 aereis
361 4406 485 4458 inauratis
505 4423 592 4457 eorum
611 4407 716 4470 fastigia
735 4407 866 4458 tuscanico
886 4421 964 4471 more,
983 4408 1023 4457 uti
1044 4409 1133 4460 estad
1152 4408 1252 4459 Circum
1266 4405 1405 4460 Maximum

255 4488 358 4541 Cereris
377 4498 402 4540 ct
420 4489 538 4540 Herculis
551 4489 706 4556 Pompeiani,
725 4491 786 4540 item
800 4489 931 4555 Capitolii.
967 4489 1009 4541 Sic
1029 4492 1095 4544 enim
1112 4499 1142 4542 ut
1160 4491 1331 4544 intercidatur
1350 4492 1405 4558 ipsa
