3086 5110
748 361 949 423 ..g-

278 558 337 618 quo
362 539 467 600 melius
491 557 578 618 quam
602 538 746 599 rationem
770 537 931 616 quaerendi
958 536 1111 597 inierimus
1134 542 1279 616 appareat.
1324 534 1423 608 Quam

276 637 398 697 obrem
422 636 552 715 primum
576 655 696 714 agemus
725 636 762 696 de
784 635 926 711 fontibus,
956 635 1061 695 deinde
1091 634 1127 694 de
1150 633 1299 712 Capituliis
1322 633 1424 693 ltaliae

275 735 567 814 provinciarumque,
608 734 738 815 denique
779 734 874 796 cultus
917 733 1018 794 triadis
1057 731 1237 812 Capitolinae
1275 731 1422 808 originem

275 833 526 895 adumbrabimus.

654 1061 689 1142 1.
732 1062 793 1143 lle
821 1060 1035 1144 fontibus.

360 1221 401 1282 Ac
429 1222 644 1300 praesidiorum
676 1221 795 1300 quidem
825 1222 932 1302 quibus
960 1224 1093 1301 quaestio
1122 1229 1222 1282 nostra
1252 1221 1421 1282 continetur

274 1321 407 1400 quinque
424 1322 547 1382 omnino
564 1321 698 1381 videmus
714 1340 777 1382 esse
795 1339 914 1402 genera,
938 1339 1065 1400 quorum
1082 1321 1210 1402 primum
1228 1327 1272 1380 est
1294 1320 1421 1398 inscrip-

274 1419 398 1491 tionum,
423 1419 806 1492 secundum'nummorum
830 1419 951 1480 tertium
969 1428 1099 1481 veterum
1117 1437 1214 1480 rerum
1231 1418 1420 1497 scriptorum,

274 1527 412 1598 quartum
438 1526 570 1579 actorum
594 1527 774 1589 sanctorum,
798 1519 933 1598 quintum
957 1518 1224 1578 instrumentorum
1249 1517 1335 1576 medii
1358 1519 1421 1578 aevi

272 1625 337 1676 tum
362 1616 628 1678 ecclesiasticorum
653 1627 715 1677 tum
740 1607 943 1695 profanorum.
988 1616 1085 1696 Atque
1107 1615 1323 1696 inscriptiones,
1347 1635 1422 1696 quae

273 1733 341 1774 cum
366 1715 493 1775 multum
523 1716 636 1775 valeant
658 1715 692 1774 ad
717 1733 836 1775 omnem
869 1713 1074 1794 antiquitatem
1103 1714 1308 1775 illustrandam
1332 1714 1419 1774 etiam

275 1811 481 1891 disputationis
506 1823 626 1874 nostrae
649 1821 800 1892 tamquam
825 1811 1052 1872 tundamentum
1069 1820 1149 1882 sunt,
1173 1813 1251 1892 quod
1269 1832 1373 1873 omnes
1388 1813 1419 1872 in

273 1927 396 1989 corpora
420 1911 553 1971 redactas
575 1910 706 1970 nondum
729 1909 872 1971 habemus
894 1929 947 1988 ego
963 1929 1081 1989 quoque
1098 1911 1179 1971 valde
1195 1911 1288 1970 doleo.
1318 1911 1420 1992 Neque

275 2027 343 2069 vero
372 2026 567 2086 quamquam,
606 2016 638 2068 ut
667 2008 719 2068 alia
749 2008 900 2080 omittam,
930 2009 1022 2068 totius
1049 2009 1164 2072 mediae
1195 2007 1290 2068 ltaliae
1318 2009 1419 2069 titulos

272 2107 410 2166 collectos
434 2105 634 2166 desideramus
659 2106 752 2166 multo
777 2106 861 2184 plura
884 2105 918 2166 ad
944 2105 1084 2186 Capitolia
1107 2106 1310 2184 cognoscenda
1334 2127 1367 2168 ex
1385 2109 1418 2168 iis

271 2203 335 2263 lore
359 2213 391 2264 ut
413 2205 608 2265 enucleentur
630 2214 711 2282 puto.
754 2203 861 2265 Mirum
886 2216 985 2266 autem
1003 2206 1149 2284 verboque
1167 2205 1283 2265 monitu
1298 2205 1414 2284 dignum

272 2301 474 2362 videturesse
498 2304 577 2382 quod
601 2301 679 2363 tituli
702 2303 810 2381 quibus
833 2313 893 2363 tres
916 2304 964 2364 dei
984 2303 1140 2382 Capitolini
1164 2303 1313 2364 coniuncti
1337 2323 1416 2363 com·

274 2407 478 2476 memorantur
501 2419 573 2480 prae
589 2400 651 2461 aliis
668 2401 760 2461 titulis
777 2402 866 2461 sacris
883 2402 977 2462 rarius
995 2421 1082 2482 quam
1102 2403 1317 2481 exspectaveris
1333 2402 1417 2462 nobis

273 2507 442 2559 occurrunt.
487 2499 566 2572 Quos
590 2518 656 2560 cum
689 2499 857 2560 facillimum
888 2499 925 2560 sit
954 2518 989 2560 ex
1011 2518 1169 2578 corporum
1191 2500 1415 2578 inscriptionum

270 2595 417 2656 indicibus
443 2595 590 2672 colligere,
619 2615 672 2656 eos
695 2597 753 2657 hoc
779 2598 843 2657 luco
873 2616 1035 2674 congerere
1063 2597 1128 2656 iure
1156 2599 1349 2678 supersedere
1371 2617 1417 2658 me

271 2713 359 2772 posse
374 2693 534 2754 arbitratus
551 2713 629 2767 sum,
645 2713 712 2755 cum
730 2696 902 2774 praesertim
919 2695 948 2756 id
966 2695 1037 2756 mibi
1051 2696 1196 2772 agendum
1217 2696 1416 2757 existimarem

272 2809 309 2852 ne
333 2791 543 2854 commentatio
567 2793 597 2854 in
622 2795 728 2854 molem
746 2795 897 2872 ingentem
915 2805 1116 2856 exscresceret.
1154 2795 1238 2866 Quod
1256 2795 1343 2854 modo
1360 2793 1417 2854 dixi

272 2891 307 2952 de
330 2891 478 2970 lapidibus
501 2891 595 2952 tribus
612 2892 673 2952 deis
694 2891 796 2970 positis
813 2891 889 2952 idem
909 2893 1034 2954 maxime
1050 2893 1128 2953 cadit
1142 2891 1173 2952 in
1190 2893 1292 2954 titulos
1308 2891 1416 2972 quibus

272 2989 405 3069 luppiter
439 2989 568 3067 optimus
598 2989 744 3049 maximus
774 2990 955 3069 Capitolinus
983 2999 1251 3064 commemoratum
1279 2991 1328 3070 qui
1356 2999 1415 3050 tam

271 3105 337 3147 raro
361 3086 447 3146 nobis
471 3085 544 3146 obvii
569 3096 648 3160 sunt,
673 3095 705 3147 ut
721 3096 826 3166 quater
848 3095 963 3147 tantum
988 3087 1033 3148 vel
1049 3088 1203 3166 quinquies
1223 3089 1300 3167 quod
1324 3087 1413 3148 sciam

270 3184 467 3262 reperiantur.
514 3183 616 3261 Neque
639 3193 738 3244 tamen
768 3186 793 3244 is
821 3203 888 3244 sum
916 3183 966 3262 qui
994 3184 1080 3246 istius
1106 3185 1183 3245 modi
1209 3183 1414 3264 inscriptiones

271 3281 322 3343 ubi
344 3280 529 3359 reperiantur
551 3281 591 3340 ibi
607 3281 780 3361 Capitolium
806 3283 897 3344 luisse
914 3283 1091 3343 existimem.
1127 3283 1216 3344 Tituli
1233 3285 1311 3344 enim
1330 3285 1416 3344 votivi

271 3379 353 3440 nullo
384 3386 517 3439 exstante
546 3379 657 3458 templo
685 3381 757 3458 poni
787 3389 939 3460 poterant,
969 3381 997 3440 id
1026 3382 1104 3460 quod
1133 3381 1278 3459 imprimis
1306 3383 1414 3442 lactum

271 3477 404 3537 videmus
429 3496 443 3536 a
467 3475 610 3537 militibus
625 3463 658 3538 l'n
674 3480 797 3539 remotis
814 3497 900 3558 saepe
916 3480 1031 3557 imperii
1048 3479 1172 3539 Romani
1188 3479 1320 3558 partibus
1335 3497 1414 3540 aram

271 3575 389 3636 cuilibet
412 3575 465 3635 deo
488 3576 696 3636 statuentibus.
742 3578 836 3650 Quam
862 3577 899 3637 ob
922 3595 984 3638 rem
1009 3577 1065 3638 nisi
1087 3578 1140 3637 alia
1164 3578 1308 3637 accedunt
1330 3578 1416 3638 testi-

271 3673 368 3733 monia
392 3673 435 3732 vel
458 3673 639 3753 templorum
662 3675 810 3754 reliquiae,
835 3677 997 3736 cavendum
1015 3693 1053 3736 ne
1070 3675 1160 3736 nimis
1183 3675 1293 3736 creduli
1309 3675 1414 3736 talibus

269 3770 512 3849 inscriptionibus
536 3772 601 3849 plus
625 3791 717 3851 aequo
734 3773 925 3833 confidamus
960 3774 1042 3834 Hanc
1058 3775 1146 3852 igitur
1167 3774 1297 3851 regulam
1315 3782 1414 3835 secuto

270 3869 393 3946 contigit
423 3870 493 3930 mihi
525 3879 557 3930 ut
587 3891 621 3931 ex
644 3871 789 3951 lapidibus
820 3889 886 3932 cum
911 3871 1019 3932 Latinis
1046 3883 1110 3933 tum
1135 3871 1252 3933 Graecis
1276 3873 1414 3952 Capitolia

270 3983 406 4027 eruerem
436 3969 521 4029 baec:
562 3969 738 4030 Ostiense
767 3970 1005 4031 Histoniense
1033 3971 1278 4031 blarruvinum
1309 3971 1415 4034 Pom·

270 4064 446 4142 poianum
464 4063 506 4144 (i)
532 4067 755 4128 Faleriense
779 4067 1022 4129 Faesulanum
1048 4069 1413 4150 VeronenseHispa-

269 4161 370 4223 lense
404 4163 722 4242 Carthaginiense
755 4165 918 4226 Bibense
952 4165 1095 4228 Suensc
1126 4163 1169 4246 (i)
1200 4167 1414 4245 Thuggense

268 4259 578 4346 Thevestin'ense
608 4263 908 4344 Thagmugadense
938 4266 1264 4326 Lambaesitanum
1291 4266 1414 4327 Uzeli-

269 4365 395 4420 tanum
414 4359 584 4421 Cirtense
601 4359 779 4423 Sitifense
797 4361 972 4444 Nysaeum
990 4365 1100 4424 Teum
1115 4364 1358 4444 Smyrnaeum.
1372 4397 1415 4408 —
