3114 5110
721 319 1037 412 -oo--¹

262 523 335 598 (Etr.
352 521 396 582 11²
420 543 448 602 p.
468 524 540 599 150)
563 541 663 603 neque
685 523 748 603 ipse
771 524 935 598 Nissenius,
961 524 1032 603 quid
1055 525 1091 586 de
1113 524 1149 586 iis
1169 524 1337 588 faciendum
1358 529 1407 600 sit,

261 641 317 682 nos
339 622 460 682 edocere
483 621 607 700 possint.

347 720 427 782 Idem
452 729 549 782 autem
573 721 700 800 scriptor
722 739 791 782 cum
816 722 896 795 dicit,
920 729 964 783 tot
987 723 1096 801 templa
1119 721 1193 782 lovis
1216 723 1338 784 lunonis
1353 723 1407 786 lli-

262 837 367 880 ncrvae
399 820 431 880 in
453 819 617 880 Tuscorum
643 820 759 899 oppidis
782 821 890 893 fuisse,
921 821 998 882 idem
1029 840 1094 882 esse
1120 820 1309 883 censebimus
1332 831 1408 882 taor-

262 936 350 996 quam
367 917 398 978 in
416 918 554 980 omnibus
571 919 710 998 Capitolia
728 918 819 980 luisse
843 915 942 982 dicat?
976 917 1105 980 Minime.
1140 919 1217 980 Nihil
1234 920 1313 980 enim
1330 921 1407 982 aliod

203 1099 205 1102 .
262 1017 390 1078 affirmat
412 1018 472 1079 nisi
494 1018 589 1080 tribus
613 1018 738 1080 summis
761 1019 824 1080 deis
840 1019 949 1097 templa
965 1017 1115 1080 aedificata
1131 1037 1206 1091 osso,
1229 1037 1322 1079 utrum
1339 1019 1408 1088 lovi,

263 1135 355 1176 unum
379 1115 501 1186 lunoni,
533 1135 625 1178 unum
648 1117 802 1178 Minervae.
860 1116 936 1188 Quid
964 1117 1020 1180 hoc
1046 1135 1205 1179 colonione
1229 1115 1318 1178 habet
1340 1135 1407 1177 cuni

262 1214 415 1293 Capitolio,
440 1215 549 1294 quippe
573 1216 651 1294 quod
677 1235 737 1276 urso
761 1215 873 1294 templo
896 1215 960 1276 illos
978 1224 1038 1276 tres
1054 1217 1125 1277 deos
1141 1215 1318 1276 coniunctos
1334 1235 1409 1276 con-

261 1309 407 1374 tinuarit?
443 1314 540 1386 Quare
563 1313 619 1374 hoc
642 1333 760 1393 quoque
776 1313 904 1375 Nissenii
928 1325 1134 1392 argumentum
1150 1319 1247 1375 lacere
1262 1333 1322 1376 uon
1340 1335 1410 1394 pos-

263 1430 366 1472 sumus
390 1411 463 1491 quin
485 1411 651 1474 reiciamus
703 1413 806 1474 Restat
832 1411 954 1475 unicum
978 1415 1144 1476 sententiae
1167 1412 1308 1476 fulcimen
1332 1423 1410 1474 tom-

262 1511 343 1590 plum
368 1509 442 1570 lovis
466 1509 621 1588 Capitolini
644 1510 824 1590 Pompeiani,
849 1512 929 1590 quod
952 1511 988 1572 ad
1005 1512 1099 1572 Oscos
1121 1513 1321 1572 revocandum
1344 1532 1409 1574 csse

266 1627 354 1688 quam
378 1626 441 1668 non
463 1608 511 1669 ille
534 1608 711 1688 probaverit,
735 1629 825 1688 supra
848 1610 918 1671 satis
942 1611 1144 1690 exposuimus.

351 1706 437 1767 Nunc
459 1717 610 1769 vertamur
632 1709 667 1768 ad
685 1727 745 1780 eos,
769 1708 819 1787 qui
842 1709 953 1770 cultum
977 1710 1099 1771 Etrusca
1123 1709 1235 1788 origine
1252 1728 1319 1770 esse
1334 1728 1407 1770 con·

263 1807 395 1868 tendant.
442 1807 529 1868 Ottir.
546 1807 765 1885 Muellerus³⁰²)
782 1817 811 1868 et
828 1807 877 1886 qui
893 1827 961 1869 eum
978 1817 1097 1870 secutus
1118 1818 1164 1869 est
1179 1807 1408 1883 Gerlrardus³⁰⁸t

264 1905 298 1966 ad
321 1923 384 1966 rent
409 1905 649 1988 confirmandam
675 1913 794 1984 praetor
817 1907 911 1966 Servii
934 1907 1032 1968 locum
1057 1925 1150 1986 paene
1180 1907 1252 1968 nihil
1275 1907 1409 1986 prolerre

264 2012 435 2084 potuerunt.
480 2003 553 2066 Tres
576 2003 641 2064 illos
665 2004 737 2064 deos
766 2005 842 2082 apud
864 2004 975 2066 Tuscos
998 2006 1092 2066 cultos
1120 2025 1186 2066 esse
1210 2004 1409 2080 concedo³⁰⁴),

264 2103 440 2164 coniunctos
464 2123 524 2164 uno
549 2105 660 2182 templo
685 2122 752 2164 usos
777 2123 844 2164 csse
866 2122 950 2182 nego.
996 2104 1080 2176 Quod
1105 2104 1136 2164 ni
1157 2103 1197 2164 ita
1219 2111 1306 2172 esset,
1335 2122 1410 2182 quo-

267 2201 354 2261 modo
377 2201 489 2262 lactum
509 2221 578 2268 esse
601 2200 771 2281 putabimus
795 2210 828 2262 ut
851 2221 888 2262 ne
913 2220 1007 2262 unum
1030 2203 1192 2264 alterumve
1215 2209 1310 2262 exstat
1333 2203 1410 2262 Tus-

265 2318 368 2360 corum
395 2309 624 2360 monumentum
649 2319 708 2378 quo
729 2300 769 2360 illi
791 2311 850 2361 tres
867 2300 1018 2362 coniuncti
1034 2297 1255 2380 depingantur?
1300 2300 1413 2361 Dixerit

265 2397 430 2477 quispiam,
459 2418 493 2459 eo
517 2400 596 2478 quod
620 2399 789 2479 Tarquinii,
813 2417 880 2460 cum
905 2399 1047 2478 templum
1071 2399 1274 2471 aedificarent,
1299 2400 1411 2460 Tuscos

265 2497 391 2558 artifices
414 2497 628 2571 arcessiverint‚
658 2499 802 2576 templum
827 2497 950 2577 eiusque
973 2499 1043 2558 deos
1067 2517 1149 2575 more
1172 2498 1337 2558 Tuscanico
1362 2505 1411 2558 or'·

265 2596 411 2668 neverint,
442 2597 553 2656 cultum
583 2597 670 2658 etiam
700 2597 737 2656 ab
766 2585 882 2658 Etruria
906 2605 1105 2656 transvectum
1138 2615 1203 2657 esse
1232 2597 1303 2657 satis
1327 2607 1410 2676 pate-

265 2696 338 2756 fieri.
384 2695 468 2766 Quod
498 2713 557 2756 uon
590 2695 686 2756 minus
718 2704 763 2756 est
793 2697 900 2756 salsum
929 2714 1015 2774 quarn
1044 2696 1158 2774 siquis
1187 2715 1223 2756 cx
1251 2715 1298 2766 eo,
1331 2698 1410 2775 quod
1508 2682 1516 2692 ’

267 2794 393 2856 llomani
417 2796 639 2874 magistratuum
661 2795 788 2874 insignia
812 2795 849 2856 ab
875 2794 1006 2855 Etruscis
1029 2794 1209 2874 acceperint,
1241 2795 1322 2874 ipsos
1349 2814 1411 2854 mo-

265 2895 406 2973 gistratus
437 2913 521 2956 more
545 2895 736 2956 Etruscorum
769 2895 880 2956 Romae
903 2893 1057 2954 institutos
1080 2912 1145 2954 esse
1168 2895 1303 2971 colligere
1332 2895 1411 2955 velit.

267 2994 330 3055 lloc
351 2994 441 3071 igitur
464 2995 641 3067 tenendum,
673 3014 710 3056 ne
741 3012 832 3056 unum
866 2993 985 3071 quidem
1009 3011 1074 3053 esse
1102 3002 1322 3070 argumentum,
1352 3013 1412 3072 quo

266 3093 378 3152 cultum
402 3093 596 3153 Etruscorum
620 3111 685 3152 esse
708 3092 825 3152 clticere
848 3108 997 3166 cogamur.

352 3190 461 3261 Restat,
486 3199 519 3250 ut
543 3211 575 3250 ea
599 3209 676 3268 quae
705 3187 931 3266 Ambrosch³⁰⁶)
960 3197 989 3248 et
1016 3187 1282 3267 Schweglerus⁸⁰⁶)
1314 3191 1413 3249 cultus

267 3291 303 3349 de
326 3289 439 3366 origine
467 3289 573 3349 Sabina
605 3289 791 3368 protulerunt
820 3304 1021 3366 percenseam.
1067 3289 1108 3349 Ac
1137 3288 1262 3349 maxime
1290 3288 1411 3366 quidem

266 3388 401 3448 nituntur
424 3387 520 3446 verbis
545 3387 685 3448 Varronis
708 3387 735 3446 d.
760 3386 829 3464 ling.
845 3385 894 3446 lat.
920 3386 942 3446 V
966 3384 1040 3447 158:
1060 3386 1184 3447 clivos
1206 3405 1412 3466 proxumus

266 3486 413 3546 aFlora
436 3503 547 3546 susus
579 3483 707 3546 versus
737 3484 963 3564 Capitolium
995 3493 1120 3557 vetus,
1148 3487 1247 3564 quod
1274 3485 1324 3546 ibi
1352 3505 1413 3546 sa·

267 3585 402 3646 cellum
424 3584 521 3645 lovis
544 3585 699 3645 lunonis
722 3583 924 3659 Minervae,
953 3594 988 3645 ct
1014 3585 1050 3644 id
1080 3585 1273 3664 antiquius
1301 3603 1411 3663 quam

334 3741 379 3801 ¹⁰²)
398 3739 453 3790 Etr.
473 3737 509 3789 11²
527 3754 551 3804 p.
571 3740 612 3790 ta.
633 3740 674 3790 44.
693 3740 735 3790 tr.
1138 3776 1141 3782 ‚

335 3823 378 3885 ⁸⁰⁸)
397 3822 443 3873 Dio
462 3819 611 3872 Gottheiton
631 3822 678 3872 der
697 3821 825 3872 Etcoslrer
842 3821 928 3872 Berol.
950 3821 1014 3871 tstr
1033 3821 1085 3886 p.5
1104 3822 1161 3870 ado.
1182 3820 1221 3870 25.
1241 3821 1282 3871 38.

335 3906 380 3968 ³⁰⁴)
398 3903 533 3955 Minervae
553 3921 641 3955 nonan
659 3905 740 3967 magis
759 3905 870 3968 linguam
888 3903 1004 3954 Latinam
1024 3919 1096 3968 qoam
1114 3903 1249 3952 Etruscam
1268 3917 1359 3966 sapere
1373 3891 1417 3951 vil

258 3989 350 4049 detor,
376 3985 407 4037 cl.
427 3985 525 4036 usecia
544 3986 570 4036 io
589 3986 711 4038 Muelleri
734 3985 849 4036 utr.11²
875 4000 898 4049 p.
918 3985 950 4034 tr
978 3986 1081 4036 adnot
1104 3985 1217 4035 Curtium
1240 3983 1326 4049 Etym.
1351 3982 1415 4033 Gr.⁴

268 4085 291 4135 p.
311 4066 373 4127 313;
395 4066 519 4117 Gerlrord.
539 4067 556 4116 l.
577 4085 598 4118 c.
618 4084 641 4132 p.
655 4067 678 4117 9.
713 4066 800 4132 ltaque
819 4067 917 4118 Tuscos
935 4066 1007 4117 illam
1024 4066 1055 4116 ab
1068 4065 1170 4118 Umbris
1183 4067 1348 4116 transtulisse
1362 4080 1413 4114 non

267 4150 306 4200 ita
324 4151 379 4202 veri
397 4150 523 4201 dissimile
543 4151 653 4201 videtur.

336 4232 382 4295 ⁸⁰⁶)
400 4231 505 4282 Studien
524 4235 573 4282 und
592 4232 776 4297 Andautungen
799 4233 834 4284 im
853 4230 947 4282 Gebiet
969 4231 1013 4282 des
1036 4230 1218 4281 altrlirnisclren
1245 4230 1341 4281 Bodens
1360 4229 1412 4279 und

269 4311 364 4365 llultus
382 4313 415 4380 (a.
436 4315 511 4378 1839)
529 4332 553 4382 p.
575 4315 723 4378 tte-1953
746 4315 794 4368 196
805 4331 858 4380 sqq.

337 4398 381 4463 ³⁰⁶)
400 4398 466 4450 llist.
485 4397 554 4450 Rom.
573 4398 599 4450 12
618 4399 677 4450 275.
694 4398 753 4448 480.
772 4396 916 4448 696-·699.
