3114 5110
610 289 856 352 ....27..

173 464 234 526 Nee
257 465 378 527 dubium
401 465 474 545 quin
496 465 533 526 de
555 465 684 542 collegiis
707 465 888 528 funeraticiis
904 467 1090 543 cogitandum
1107 466 1154 528 sit.
1192 466 1316 548 Coibant

172 563 252 624 enim
276 564 413 624 homiues
435 564 586 624 tenuiores
610 583 642 623 ea
668 563 742 642 lege,
772 573 805 624 ut
831 563 978 626 sodalibus
1002 583 1037 624 ex
1069 566 1219 626 communi
1249 585 1315 627 arca

170 662 246 740 stipe
270 671 422 723 menstrua
446 681 588 741 perpensa
612 662 819 724 luneratieium
843 664 1061 739 solveretur⁸⁷).
1098 665 1199 725 Aetate
1214 673 1313 726 autem

169 759 381 838 imperatorum
404 779 472 821 cum
494 778 647 821 servorum
663 778 727 821 sors
743 761 782 822 ita
806 770 985 823 commutata
1008 769 1102 833 esset,
1127 769 1158 822 ut
1183 763 1312 824 humano

171 876 278 936 genere
294 859 410 937 dignior
424 860 518 929 beret,
539 861 574 920 iis
590 878 649 920 non
666 860 761 920 solnm
777 859 948 930 conubium,
972 861 1017 921 ius
1038 860 1220 932 hereditatis,
1244 881 1314 939 pos-

169 956 262 1016 sessio
285 975 422 1018 concessa
445 956 495 1018 sed
521 957 607 1018 etiam
632 958 779 1035 permissu
802 958 992 1019 dominorum
1015 959 1046 1017 in
1073 958 1191 1036 collegia
1213 960 1313 1020 tenui-

170 1073 255 1115 orum
272 1057 363 1135 recipi
376 1073 548 1116 concessum
563 1055 661 1132 est⁸⁸).
674 1089 716 1100 -
729 1056 886 1135 Pompeiis,
904 1058 990 1117 modo
1003 1056 1153 1133 contingat
1167 1067 1199 1116 ut
1211 1075 1312 1118 verum

169 1153 338 1226 viderimus,
361 1154 537 1233 Capitolium
561 1155 591 1214 in
616 1163 697 1233 parte
718 1154 775 1214 lori
802 1155 1024 1234 septentrionali
1043 1155 1228 1216 aedifreatum
1250 1165 1313 1217 erat

169 1251 218 1326 ita,
244 1260 276 1312 ut
297 1253 368 1312 illud
391 1252 427 1313 ab
451 1272 483 1313 ea
506 1260 589 1331 parte
611 1269 706 1331 paene
727 1253 863 1332 saepiret.
908 1253 967 1314 Nec
988 1253 1073 1314 aliter
1093 1271 1158 1314 rem
1186 1253 1312 1315 fortasse

168 1369 201 1410 se
227 1349 337 1410 babere
366 1350 465 1412 Ostiae
494 1351 600 1411 Nissen
629 1349 795 1429 iudicat⁸⁹).
839 1351 873 1412 ln
900 1370 965 1413 area
992 1351 1072 1412 enim
1100 1352 1227 1430 quadam
1257 1353 1311 1412 ob·

170 1449 257 1527 longa
281 1449 387 1522 forma,
409 1467 499 1528 quam
523 1450 571 1510 ille
593 1437 692 1512 lorum
716 1451 808 1512 fuisse
830 1449 1006 1528 suspicatur,
1029 1449 1173 1528 templum
1199 1450 1312 1528 magnis

168 1547 438 1608 substructionibus
461 1555 564 1620 exstat,
587 1549 666 1627 quod
690 1568 758 1610 cum
781 1549 817 1608 ad
840 1547 1058 1627 septentriones
1081 1556 1218 1626 spectans
1246 1567 1310 1610 eam
1420 1621 1429 1642 .

167 1646 222 1707 loci
246 1655 359 1726 partem
384 1647 516 1708 recludat
539 1654 569 1707 et
590 1649 651 1708 loca
667 1647 903 1709 circumiacentia
919 1655 1047 1726 superet,
1064 1647 1140 1707 lovis
1156 1646 1312 1726 Capitolini

166 1743 259 1804 fuisse
274 1745 401 1806 ridetur.
435 1745 522 1806 Certe
538 1745 700 1816 Nissenius,
725 1746 776 1825 qui
792 1745 892 1824 templi
909 1745 1042 1806 modulos
1058 1745 1163 1824 eregit,
1188 1745 1308 1806 eosdem

167 1843 229 1903 lere
258 1861 325 1903 esse
355 1861 388 1902 ac
418 1843 517 1923 templi
540 1843 713 1922 Pompeiani
744 1843 905 1904 contendit.
951 1843 1006 1904 Sed
1030 1862 1096 1903 cum
1121 1862 1152 1903 ea
1176 1843 1310 1921 quaestio

168 1940 224 2000 nisi
247 1941 381 2020 plurimis
404 1940 611 2002 effossionibus
638 1941 783 2001 institutis
812 1940 883 2000 solvi
914 1949 1057 2018 nequeat,
1087 1941 1164 2001 ultro
1193 1941 1310 2020 prodire

167 2039 254 2099 nobis
288 2057 349 2099 non
383 2040 477 2099 datur.
512 2074 552 2081 —
588 2039 673 2111 Quod
706 2040 754 2099 ille
788 2039 972 2117 Asclepiades
1007 2039 1142 2099 aedituus
1176 2038 1309 2116 Capitolii

167 2137 283 2209 dicitur,
307 2154 370 2197 non
394 2137 502 2196 mirum
518 2145 572 2209 est,
595 2155 662 2198 cum
679 2137 791 2198 Romae
807 2137 837 2197 in
854 2136 998 2215 Capitolio
1014 2135 1102 2197 sicuti
1117 2136 1148 2218 in
1168 2136 1308 2198 omuibus

165 2235 289 2295 deorum
312 2234 434 2295 aedibus
457 2235 566 2295 aeditui
588 2234 747 2309 essent⁹⁰).
1139 2230 1141 2236 ’

250 2332 311 2394 lam
334 2339 426 2393 restat
449 2342 481 2394 ut
503 2333 533 2392 in
556 2332 761 2393 condicionem
782 2332 863 2394 urbis
884 2331 983 2411 paneis
1007 2331 1202 2411 inquiramus.
1239 2333 1309 2394 Erat

169 2428 251 2489 Ostia
284 2429 379 2508 prima
410 2430 518 2490 civium
549 2430 752 2492 Romanorum
782 2430 895 2491 colonia
927 2429 1085 2506 subduco
1108 2429 1216 2490 Marcio
1239 2449 1309 2508 rege

164 2527 346 2607 deductall).
393 2528 473 2600 Quae
506 2547 574 2588 cnm
608 2539 687 2590 esset
717 2538 820 2608 portus
848 2529 958 2588 Romae
988 2538 1017 2588 et
1045 2527 1126 2588 urbis
1155 2537 1308 2607 tamquam

163 2645 231 2705 pars
254 2627 371 2704 integra
396 2626 466 2703 quin
489 2645 608 2705 parvam
633 2629 780 2707 quandam
805 2627 916 2688 Ronrae
942 2625 1100 2703 imaginem
1130 2626 1308 2704 expresserit

163 2725 306 2786 dubitatio
339 2741 400 2784 non
429 2724 522 2785 datur.
573 2725 734 2805 Postquam
768 2726 804 2787 ab
831 2727 963 2803 Augusto
996 2733 1080 2784 aucta
1115 2733 1143 2785 et
1171 2725 1306 2803 suppleta

163 2823 273 2902 erat⁹²)
306 2823 430 2884 subinde
460 2823 654 2900 Vespasianus
683 2825 826 2886 Traianus
858 2823 1022 2884 Hadrianus
1053 2823 1130 2901 agris
1162 2822 1306 2883 militibus

164 2921 346 3000 assignandis
369 2921 475 2982 urbem
498 2921 750 3001 amplificaverunt
759 2921 806 3002 ⁹⁸).

674 3093 798 3150 Falerii.

245 3216 330 3276 Nunc
363 3216 449 3276 venio
478 3217 513 3278 ad
544 3217 650 3295 oppida
678 3213 830 3285 Etruriae,
864 3213 893 3274 in
917 3214 1024 3292 quibus
1048 3214 1187 3294 Capitolia
1215 3214 1305 3275 fuisse

160 3315 332 3385 traduntur,
367 3333 494 3392 quornm
523 3315 710 3375 condiciones
737 3314 762 3374 si
785 3314 851 3392 quis
880 3322 998 3374 acuratc
1026 3313 1205 3391 reputaverit
1233 3313 1305 3373 haec

160 3430 278 3491 quoque
306 3412 447 3490 Capitolia
481 3431 495 3472 a
530 3413 669 3473 Romanis
703 3412 847 3489 originem
882 3410 1002 3471 duxisse
1041 3411 1112 3471 mibi
1149 3411 1301 3472 concedet.

159 3512 201 3572 bc
227 3509 406 3570 Faleriorum
437 3509 555 3590 quidem
590 3511 722 3590 Capitolii
757 3510 894 3570 meminit
926 3509 1029 3570 titulus
1060 3509 1209 3569 Hadriano
1243 3517 1304 3568 ter-

226 3731 258 3796 ⁸⁷)
277 3730 432 3797 Marquardt.
453 3730 549 3779 enchir.
568 3729 599 3780 lll
621 3731 666 3780 137
675 3745 711 3796 sq.

226 3813 330 3876 ⁸⁸lDig.
365 3814 407 3873 d'l,
428 3812 469 3873 22,
500 3811 566 3875 §22
594 3811 689 3862 Servos
719 3826 816 3876 quoque
846 3812 908 3862 licet
938 3813 964 3860 in
994 3811 1130 3876 collegium
1160 3809 1303 3860 tenuiorum

158 3895 274 3960 recipere
292 3893 439 3943 volentibus
463 3892 619 3954 dominibus3
639 3891 671 3942 ei.
690 3891 804 3942 Momms.
824 3894 854 3942 de
873 3894 965 3956 colleg.
985 3901 1010 3943 et
1029 3893 1082 3944 sod.
1102 3910 1124 3958 p.
1145 3891 1200 3942 102.

227 3976 258 4033 ⁸⁹)
278 3973 341 4024 Mus.
360 3973 438 4024 uben.
458 3990 482 4024 n.
502 3989 521 4022 s.
542 3973 595 4024 vol.
613 3971 721 4023 XXVlll
758 4009 764 4022 .
783 3973 841 4023 541.

225 4057 256 4113 ⁹⁰)
274 4056 378 4106 Jordan.
400 4062 500 4121 topogr.
523 4053 593 4115 Rom.
612 4053 622 4103 l
641 4054 655 4102 2
676 4071 697 4120 p.
717 3989 765 4114 3⁸53
795 4055 877 4105 Orelli
896 4055 957 4122 syll.
976 4055 1031 4104 iosr
1050 4055 1068 4104 ll
1087 4072 1110 4120 p.
1130 4055 1189 4104 507.

226 4139 259 4200 ⁹¹)
278 4137 328 4187 Liv
347 4136 356 4186 l
376 4137 407 4186 33
426 4136 501 4186 XXll
519 4136 566 4198 383
586 4136 681 4203 Dionys
701 4135 796 4199 111443
816 4135 867 4186 Cic.
887 4136 918 4186 de
935 4152 964 4186 re
983 4137 1050 4202 publ.
1070 4137 1089 4186 ll
1110 4136 1150 4201 18,
1164 4135 1204 4186 33.

227 4219 258 4280 ⁹²)
279 4218 344 4268 Plio.
363 4217 385 4266 h.
404 4233 420 4265 n
447 4217 477 4267 ΙΙΙ
496 4217 520 4280 9,
534 4217 574 4267 56.

227 4299 259 4364 ⁹⁸)
279 4299 323 4348 lib.
345 4299 394 4348 ccl.
414 4313 437 4362 p.
457 4299 518 4362 2343
538 4298 637 4365 Zumpt.
654 4299 671 4349 l.
692 4315 713 4349 c.
732 4315 755 4365 p.
774 4298 832 4349 395.
851 4299 910 4350 400.
