3114 5110
387 169 401 200 ἱ

617 221 843 284 ...13-

159 399 232 460 vallo
255 404 390 477 apparet3
413 397 496 458 abest
515 395 595 457 enim
611 396 648 457 ab
663 397 738 458 urbe
754 415 840 458 mons
856 395 1002 456 Tifatinus
1018 395 1077 455 duo
1093 393 1210 456 circiter
1226 395 1306 458 milia

158 493 358 578 passuum³⁴).
397 495 487 556 Cuius
503 495 644 556 extremis
660 495 691 556 in
707 495 866 564 radicibus,
888 494 919 556 in
942 512 1016 573 pago
1039 492 1091 573 qui
1113 510 1194 554 nnnc
1208 493 1305 555 Piedi-

3 569 4 592 *
69 629 70 632 ¹
159 606 264 657 monte
288 594 405 666 dicitur,
428 612 521 672 prope
545 594 648 654 urbem
666 594 813 655 Casertam
836 593 895 654 iam
919 599 1014 654 exstat
1037 591 1067 652 S.
1083 592 1162 652 Petri
1187 593 1306 654 ecclesia

157 715 193 756 ex
217 692 364 771 magnillci
394 693 495 771 templi
525 691 640 771 antiqui
667 692 800 772 reliquiis
829 690 1026 764 exaedificata,
1056 690 1106 751 ubi
1133 689 1307 769 Capitolium

158 792 255 854 luisse
288 792 373 870 vulgo
405 799 537 870 putatur.
588 791 672 866 Quod
701 791 831 870 spatium
863 809 930 850 cum
959 788 1017 868 ipsi
1047 789 1185 850 Belocbio
1214 791 1308 851 maius

158 891 293 952 videatur
315 889 460 968 templum
492 890 528 952 ad
558 890 663 950 urbem
687 889 882 951 accersiturus
912 887 1040 949 fortasse
1061 888 1154 949 fuisse
1176 887 1309 967 suspica-

121 981 125 988 ’
157 998 206 1050 133
229 989 260 1049 13
284 997 395 1060 33313,
417 988 468 1067 qui
491 1007 572 1050 nunc
592 1007 702 1050 nomen
726 1006 796 1068 prae
819 991 929 1049 331331
950 988 1038 1049 Costa
1063 988 1137 1048 delle
1157 985 1309 1058 Monacbe,

159 1108 228 1150 cum
251 1087 424 1167 praesertim
449 1085 607 1164 Casanova,
637 1086 810 1167 oppidulum
833 1088 910 1148 haud
942 1087 1046 1168 procul
1068 1086 1190 1159 distans,
1219 1084 1309 1146 medii

158 1187 220 1250 aevi
248 1185 322 1248 actis
348 1186 474 1265 publicis
504 1186 575 1248 Casa
598 1186 673 1248 lovis
704 1188 846 1266 appellata
874 1187 920 1248 sit.
966 1187 1023 1247 Sed
1052 1186 1088 1246 de
1116 1185 1203 1246 istius
1230 1183 1309 1244 modi

159 1284 352 1366 opinionibus
376 1273 538 1362 nugatoriis
563 1286 715 1347 hactenus.
761 1285 935 1346 'lransimus
958 1285 995 1344 ad
1018 1303 1069 1345 eos
1093 1284 1142 1362 qui
1164 1284 1309 1362 templum

158 1383 261 1464 oppidi
285 1383 399 1462 antiqui
421 1384 499 1444 intra
525 1402 625 1444 muros
641 1384 845 1462 quaerendum
862 1402 927 1444 esse
943 1401 1101 1462 persuasos
1124 1401 1155 1443 se
1171 1381 1308 1442 habeant.

160 1484 294 1555 Quorum
307 1481 415 1542 iudicia
427 1477 605 1562 quamquam
619 1482 768 1542 adrerum
781 1481 1016 1560 investigandum
1029 1481 1104 1541 nihil
1116 1480 1311 1542 fereallerunt

160 1590 262 1642 tamen
286 1581 342 1642 hoc
364 1581 475 1642 habent
497 1581 602 1654 laudis,
626 1581 706 1660 quod
729 1580 840 1660 aliquid
864 1599 953 1640 sanae
978 1581 1084 1642 mentis
1100 1598 1169 1659 prae
1185 1598 1217 1640 se
1232 1577 1310 1638 terre

159 1679 308 1740 videntur.
354 1679 506 1740 Caesarius
523 1679 610 1741 Costa
627 1678 864 1758 archiepiscopus
888 1678 957 1738 inde
979 1677 1015 1738 ab
1040 1695 1118 1738 anne
1144 1675 1237 1749 1572,
1260 1675 1311 1755 qui

159 1777 277 1858 primus
299 1778 511 1857 topographiae
534 1787 565 1838 et
586 1777 811 1857 antiquitatibus
842 1777 952 1855 patriae
980 1777 1060 1838 urbis
1087 1794 1207 1856 operam
1231 1772 1311 1836 dedit

162 1884 192 1936 31
213 1876 244 1936 13
267 1875 401 1936 Michaeli
424 1877 560 1937 lllonacbi
577 1875 754 1937 Sanctuario
771 1875 908 1954 Capuauo
931 1875 1059 1936 formam
1082 1874 1189 1936 veteris
1212 1871 1312 1953 oppidi

162 1974 271 2046 emisit,
295 1973 471 2053 Capitolium
494 1975 579 2054 ponit
602 1992 663 2035 nou
685 1975 771 2053 longe
793 1992 808 2033 a
830 1974 1049 2054 cryptoporticu
1067 1982 1096 2034 et
1110 1974 1236 2043 theatro,
1260 1970 1311 2051 qui
1395 2027 1399 2037 .

160 2075 244 2135 locus
273 2091 353 2134 nunc
383 2075 544 2153 appellatur
572 2073 612 2134 La
635 2073 729 2135 Terre
758 2073 786 2134 di
816 2073 845 2133 S.
874 2073 1007 2133 Erasmo.
1052 2072 1147 2144 Quem
1175 2070 1311 2150 sequitur

161 2171 337 2234 Franciscus
364 2173 454 2234 Maria
482 2173 611 2244 Pratilli‚
646 2173 696 2252 qui
727 2172 782 2232 luit
815 2173 850 2232 ab
884 2189 963 2232 anne
995 2171 1077 2232 1684
1105 2190 1200 2251 usque
1232 2168 1268 2230 ad
1295 2187 1312 2229 a

166 2271 257 2332 1771.
292 2271 375 2332 lllum
400 2291 466 2332 com
491 2281 608 2333 constet
629 2271 840 2351 inscriptiones
861 2270 1132 2350 inventionumque
1153 2269 1311 2330 relationes

163 2369 322 2430 mentitum
345 2370 485 2449 operibus
510 2369 619 2446 suis⁸⁶)
640 2369 848 2441 immiscuisse,
871 2377 951 2429 recte
966 2369 1169 2429 Mommsenus
1185 2367 1311 2445 inscrip-

162 2467 258 2528 tiones
273 2453 359 2528 abeo
374 2469 480 2530 relatas
495 2470 557 2530 solo
572 2477 724 2547 tamquam
741 2468 842 2528 dubias
859 2465 1057 2544 3313133111).
1103 2467 1185 2526 luxta
1205 2465 1311 2526 turrim

164 2567 194 2626 S.
219 2566 333 2628 Erasmi
355 2586 434 2628 anno
462 2568 541 2627 1740
565 2569 711 2628 detectam
736 2586 800 2626 esse
825 2565 973 2626 Pratillius
996 2565 1082 2626 testis
1106 2573 1152 2624 est
1174 2562 1312 2623 bancin-

163 2665 372 2744 seriptionem:
391 2665 513 2742 [dlianae
523 2665 704 2745 Capitolinae
714 2664 763 2735 ⁸²).
788 2664 855 2743 lpse
867 2664 948 2724 addit
959 2664 989 2722 in
1001 2663 1073 2724 actis
1085 2661 1210 2742 publicis
1223 2659 1312 2721 medii

164 2763 227 2823 aevi
242 2783 273 2823 se
289 2764 395 2842 legisse
416 2783 528 2844 prope
552 2764 689 2825 turrim
713 2762 907 2842 Capitolii,
931 2781 1044 2842 prope
1067 2759 1312 2822 ecclesiamS.

164 2861 305 2922 Erasini
318 2863 355 2922 in
368 2862 563 2942 Capitolio.
577 2862 886 2922 Mazzocchiusautem
898 2859 1203 2939 quibusdecausisibi
1213 2857 1312 2937 potins

166 2979 254 3037 quam
272 2961 340 3020 alibi
352 2961 528 3041 Capitolium
541 2969 703 3041 quaeratur
717 2979 749 3021 se
765 2959 880 3020 nescire
894 2956 1107 3037 profitetur³⁸l.
1130 2960 1215 3017 duno
1230 2955 1312 3014 1665

166 3058 283 3136 Capuae
305 3060 382 3120 haud
405 3062 507 3140 procul
527 3081 542 3122 a
558 3061 674 3120 theatro
691 3066 843 3138 repertum
860 3065 905 3118 est
921 3075 994 3136 opus
1011 3055 1215 3134 anaglyphum,
1232 3053 1313 3133 quod

165 3157 255 3218 etiam
277 3175 358 3219 nuno
374 3159 488 3241 Capuae
504 3157 754 3235 conservatur·⁸⁹).
793 3157 856 3230 Qua
879 3156 910 3216 in
932 3155 1030 3216 tabula
1052 3153 1185 3234 luppiter
1207 3154 1313 3214 sedens

169 3375 194 3425 in
212 3375 329 3426 historiis
348 3375 491 3440 quinquies,
511 3375 660 3441 3333133133
679 3375 705 3424 13
724 3373 800 3424 libris
818 3373 850 3423 ab
875 3387 931 3423 exo.
950 3373 1021 3436 Aug,
1046 3369 1078 3422 cl.
1097 3370 1220 3434 llraegeri
1245 3375 1312 3436 synt.

168 3454 249 3508 Tacit.
268 3474 292 3522 3.
308 3453 344 3507 ‘36
363 3465 389 3506 31
407 3455 590 3522 Nipperdeiom
608 3457 634 3506 in
654 3463 794 3507 commento
812 3471 869 3505 ann.
889 3455 934 3504 lib.
953 3453 964 3504 I
983 3455 1006 3505 5.
1099 3443 1102 3448 ’

234 3539 267 3602 ⁸⁴)
285 3539 312 3588 Si
330 3539 466 3588 1131331133
484 3539 606 3605 ternplum
624 3537 692 3588 lovis
711 3537 851 3604 Capitolini
876 3537 941 3586 idam
960 3551 1016 3586 3333
1035 3543 1124 3586 333331
1147 3540 1223 3600 atque
1243 3530 1313 3582 Iovis

166 3619 369 3683 Τ1131131,ι333
396 3621 501 3670 eredere
520 3637 568 3670 non
588 3627 666 3684 veto;
693 3626 720 3669 31
736 3618 850 3686 luppiter
868 3616 998 3667 Tifatinus
1021 3633 1070 3666 non
1088 3623 1127 3666 331
1145 3613 1314 3680 Capitolinos.

235 3702 268 3765 ⁸⁶)
286 3701 335 3755 Via
346 3701 427 3768 Appia
445 3702 542 3767 prodiit
559 3701 762 3768 1133331145,
781 3699 936 3750 Consulares
955 3698 1103 3764 Campaniae
1122 3713 1145 3748 a.
1166 3696 1241 3749 1757.

235 3783 266 3846 θ’)
287 3785 325 3834 vd.
343 3782 362 3834 l.
380 3782 410 3834 R.
429 3783 461 3836 N.
481 3799 504 3849 p.
525 3783 582 3835 185.
603 3783 659 3834 186.

235 3865 268 3926 ⁸⁷)
286 3864 335 3917 Via
362 3865 444 3932 Appia
470 3880 494 3930 p.
520 3865 578 3916 288.
622 3863 689 3914 ldem
715 3879 831 3926 magnum
862 3861 1034 3912 columnarum
1062 3866 1314 3924 ornamentorumque

167 3961 298 3997 3333333
325 3947 379 3998 suis
404 3947 562 4013 tempori-bns
588 3946 638 3997 iam
666 3953 770 3997 exstare
797 3946 868 3996 addit
885 3945 903 3994 l.
921 3961 943 3994 3.
962 3960 985 4010 p.
1004 3944 1062 3995 278.
1082 3943 1140 3994 28⁷.
1183 3941 1233 3992 Sed
1259 3957 1315 3991 curn

166 4029 221 4080 illis
252 4043 285 4079 ex
315 4029 434 4096 reliqniis
464 4029 529 4080 nibil
558 4028 608 4078 iam
637 4029 763 4096 reliquom
793 4027 828 4077 ait
857 4026 903 4080 vel
931 4026 1068 4077 ementitus
1099 4032 1138 4076 331
1162 4025 1206 4078 vel
1231 4023 1315 4076 omnia

167 4110 309 4177 perierunt.

235 4192 268 4260 ⁸⁸)
284 4191 311 4242 ln
330 4193 448 4243 mutilum
466 4193 549 4258 Camp.
569 4193 688 4258 amphitb.
707 4193 749 4242 tit.
769 4209 791 4258 p.
812 4191 869 4241 258.

236 4273 270 4340 ⁸⁹)
288 4275 329 4328 vd.
343 4275 474 4326 Mabillon.
488 4275 552 4332 blus,
568 4275 624 4327 ital.
645 4291 667 4341 p.
682 4275 746 4339 1035
764 4273 908 4325 Mazzoccb.
922 4273 940 4324 l.
959 4287 980 4323 c.
1000 4288 1023 4338 3.
1037 4273 1142 4338 25833.;
1161 4269 1314 4323 Winelrelm.

1136 4358 1152 4412 2
