3086 5110
605 434 823 496 -19-

144 612 236 692 ipsam
266 610 467 673 aemulabatur
494 617 523 671 et
550 609 772 689 imitabator⁴⁶).
818 610 897 672 Bello
920 609 1001 670 enim
1027 608 1126 672 sociali
1154 611 1288 672 coniecto

144 731 212 773 cnm
229 729 334 771 omnes
348 709 445 771 ltaliae
462 709 550 771 urbes
567 710 612 769 ius
629 719 756 788 aequum
775 717 804 770 01
820 729 873 789 par
888 709 1009 788 adeptae
1026 717 1127 770 essent
1142 718 1171 770 et
1184 709 1288 782 Roma,

145 829 220 890 quae
249 818 319 870 ante
346 809 374 868 id
399 817 517 888 tempus
548 808 719 888 metropolis
749 816 778 870 et
808 808 976 870 communis
1008 816 1158 888 tamquam
1179 795 1289 889 ¹patria

145 907 280 968 omnium
304 907 414 979 fuerat,
445 925 480 967 ex
510 905 581 967 urbe
611 907 744 986 principe
768 907 861 986 prima
893 907 971 968 inter
993 925 1079 986 pares
1102 908 1177 968 iacta
1201 917 1289 983 esset,

145 1007 362 1086 provinciarum
388 1005 543 1085 praecipua
567 1007 672 1085 oppida
696 1016 729 1067 ut
749 1007 842 1068 Roma
865 1006 956 1068 totius
979 1006 1095 1085 imperii
1119 1007 1290 1086 metropolis

145 1105 185 1166 ita
208 1105 296 1166 altera
319 1105 464 1184 quaedam
481 1123 569 1183 parva
585 1123 654 1165 suae
677 1105 846 1184 provinciae
861 1107 953 1166 Roma
977 1113 1007 1165 et
1029 1124 1094 1166 esse
1110 1113 1138 1166 et
1154 1105 1291 1186 appellari

146 1205 290 1278 volebant,
314 1223 385 1266 cum
410 1203 490 1264 nullo
514 1203 603 1264 modo
626 1204 768 1283 insignius
790 1212 913 1284 possent
936 1205 1055 1268 laudari.

677 1379 765 1435 Nola.

233 1499 411 1580 Capitolium
434 1499 580 1560 Nolanum
605 1499 662 1560 nisi
686 1501 757 1561 actis
784 1499 877 1561 sancti
904 1499 1006 1562 Felicis
1029 1499 1190 1580 presbyteri
1218 1517 1292 1562 nus·

145 1620 234 1681 quam
264 1600 342 1679 quod
371 1599 461 1660 sciam
492 1606 750 1660 commemoratur.
797 1599 838 1660 dc
867 1599 925 1660 duo
956 1599 1075 1678 quidem
1098 1599 1220 1661 inerunt
1242 1600 1292 1676 qui

145 1719 170 1760 s.
198 1698 300 1760 Felicis
331 1715 442 1759 nomen
473 1716 544 1776 prae
574 1717 606 1758 se
628 1698 756 1770 ferrent,
784 1716 914 1777 quorum
938 1698 1063 1760 alterum
1086 1698 1292 1778 presbyterum

145 1796 337 1873 110Ιο001046)
362 1796 501 1857 Paulinus
525 1805 569 1858 tot
594 1797 728 1858 laudibus
751 1797 854 1858 extulit
876 1806 906 1858 et
928 1797 1013 1858 cuins
1034 1798 1123 1859 vitam
1147 1807 1293 1860 mortem-

145 1917 203 1978 que
230 1897 389 1976 Gregorius
417 1896 601 1957 Turonensis
634 1896 720 1958 lib.l
754 1897 791 1957 de
823 1897 913 1974 gloria
948 1906 1111 1976 martyrum
1145 1915 1207 1976 cap.
1234 1897 1293 1958 104

146 1995 281 2075 pluribus
304 1995 468 2074 descripsit.
712 2073 715 2079 .

232 2095 312 2154 diter
328 2113 350 2154 s.
366 2094 456 2164 Felix,
478 2095 529 2173 qui
552 2093 624 2154 actis
639 2092 794 2172 presbyter
810 2093 962 2154 Romanus
979 2092 1094 2166 dicitur,
1119 2092 1294 2174 visitatque

149 2193 226 2254 diem
250 2211 423 2272 supremum
448 2193 522 2254 obiit
544 2191 693 2271 Nolae⁴⁷).

231 2293 364 2364 Quorum
378 2300 439 2354 acta
453 2309 631 2371 quamquam
646 2291 814 2360 „veteribus
830 2291 911 2351 libris
923 2297 1015 2352 mss.“
1030 2290 1136 2352 tradita
1153 2292 1293 2353 feruntur

146 2399 247 2451 tamen
271 2391 306 2450 ad
330 2400 461 2477 nostram
478 2390 694 2469 quaestionem,
718 2409 784 2450 cum
802 2390 857 2450 alio
873 2391 938 2450 loco
955 2390 1087 2470 Capitolii
1103 2407 1164 2451 non
1181 2390 1293 2454 mentio

146 2490 204 2561 stat,
221 2498 330 2549 certam
349 2488 435 2548 iidem
452 2497 602 2568 praestare
618 2506 676 2548 non
692 2496 828 2568 possunt.
864 2489 913 2549 Sic
927 2487 1016 2567 igitur
1031 2507 1098 2548 cum
1115 2487 1168 2548 alia
1187 2488 1293 2567 oppida

148 2587 379 2667 respexerimus,
402 2586 491 2647 Nolae
513 2587 571 2648 tale
593 2587 738 2666 templum
761 2585 855 2647 fuisse
876 2604 937 2646 non
960 2587 1023 2648 sine
1045 2586 1176 2648 veritatis
1197 2586 1295 2666 specie

149 2705 215 2747 esse
238 2687 289 2747 sed
314 2705 349 2746 ex
372 2685 427 2746 illis
451 2685 523 2746 actis
539 2687 621 2746 nullo
637 2694 721 2765 pacto
737 2685 813 2746 citici
828 2705 916 2764 posse
939 2686 1180 2748 existimabimus.
1220 2686 1292 2746 Cum

148 2793 248 2868 autem
271 2783 481 2862 topograpbiue
496 2784 626 2845 Nolanae
649 2803 744 2863 usque
767 2785 802 2845 ad
819 2785 899 2844 hunc
913 2785 991 2844 diem
1008 2785 1063 2846 viri
1078 2785 1157 2846 docti
1173 2803 1293 2864 operam

148 2901 210 2944 non
232 2881 446 2961 impenderint,
468 2881 523 2942 hac
544 2881 576 2941 in
600 2900 631 2941 re
653 2882 842 2959 acquiescere
858 2901 914 2942 nos
930 2890 1056 2960 oportet,
1075 2901 1143 2943 cum
1159 2900 1293 2961 praeser-

149 2981 202 3040 tim
230 2980 403 3044 Ambrosius
427 2978 486 3040 Leo
509 2979 653 3051 Nolanus,
688 2979 771 3040 cuius
805 2998 905 3042 rerum
935 2979 1040 3041 Nolan.
1068 2980 1142 3040 liber
1172 3000 1187 3040 a
1214 2981 1294 3042 1517

149 3173 315 3223 00011000101
344 3171 422 3241 etiam
449 3171 496 3220 boo
523 3176 564 3220 cst
590 3169 714 3232 ingeniosi
741 3169 793 3222 viri
817 3171 944 3238 opinatio,
971 3187 1034 3237 qaae
1058 3171 1127 3222 nullo
1146 3178 1294 3235 argumento

149 3255 272 3304 firmatur.

218 3331 608 3397 41)(110.(1.1ος.001.11321
635 3340 697 3384 tuno
724 3341 812 3384 contra
840 3335 903 3384 hauc
930 3335 1045 3400 Romam,
1072 3350 1226 3386 commanem
1253 3349 1296 3400 pa-

149 3417 226 3466 triam
253 3415 361 3466 omnium
388 3422 516 3478 nostrum,
544 3415 590 3466 illa
612 3417 694 3466 alteru
716 3415 790 3466 llomn
818 3425 969 3482 quaeretur3
996 3416 1104 3482 Philipp.
1129 3415 1294 3468 0101.Χ113

149 3497 193 3563 §7
212 3513 283 3565 quem
301 3499 333 3548 ad
351 3497 449 3554 modurn
468 3505 581 3548 nostrum
599 3499 647 3549 hoc
665 3499 800 3548 consilium
814 3499 896 3564 Capua
915 3499 1040 3565 probabit,
1059 3514 1122 3564 quae
1140 3498 1296 3564 temporibus

148 3581 190 3631 bis
213 3580 288 3630 Roma
316 3581 399 3632 altera
423 3586 475 3642 est;
501 3580 532 3630 de
556 3580 603 3644 leg.
623 3595 677 3643 agr.
698 3577 768 3630 1134
792 3579 881 3631 Cicero
905 3581 934 3630 de
958 3581 1056 3630 colonia
1080 3596 1102 3630 a.
1123 3579 1150 3630 t.
1174 3579 1295 3630 Considio

150 3670 177 3714 et
194 3663 253 3714 Sex.
271 3663 353 3714 Saltio
372 3662 480 3727 Capuam
505 3661 612 3712 deducta
630 3663 675 3713 sed
693 3678 759 3712 anuo
784 3669 844 3728 post
866 3663 967 3712 sublata
992 3663 1121 3714 disserens
1147 3661 1296 3712 colonorum

151 3745 291 3809 superbiam
310 3745 347 3794 ita
365 3743 500 3794 describit:
520 3759 575 3793 cum
594 3745 689 3795 ceteris
708 3745 734 3794 iu
753 3743 862 3796 coloniis
881 3744 1010 3812 duumviri
1029 3743 1205 3810 appellentur,
1222 3743 1249 3792 bi
1268 3758 1296 3794 00

151 3832 282 3890 praetores
310 3824 436 3892 appellari
458 3824 585 3876 volabaut.
622 3824 717 3889 Quibus
740 3826 837 3892 primus
860 3841 941 3875 annus
959 3827 1023 3876 banc
1042 3825 1208 3892 cupiditatem
1226 3831 1296 3874 attu-

152 3905 240 3968 lisset,
267 3922 348 3958 noune
371 3907 533 3958 arbitramini
556 3907 644 3972 paucis
672 3907 745 3958 anuis
764 3905 844 3958 luisse
863 3907 994 3958 consulum
1013 3921 1101 3956 nomeu
1119 3905 1294 3972 appetituros?

152 3985 248 4036 Deinde
266 3988 394 4038 anteibant
411 3989 528 4054 lictores,
548 4004 596 4038 uon
617 4003 673 4038 curu
691 3989 793 4038 bacillis
812 3990 854 4040 sed
874 3996 903 4038 ut
921 3987 962 4038 bic
979 3987 1142 4054 praetoribus
1166 3993 1297 4050 anteeant,

152 4083 208 4116 cum
226 4065 335 4118 fascibus
353 4067 459 4120 duobus.
495 4069 575 4120 Erant
592 4071 692 4120 bestiae
710 4070 820 4120 maiores
839 4071 865 4120 iu
888 4068 943 4119 1010
968 4069 1185 4130 constitutae...
1205 4069 1297 4120 deiude

152 4154 238 4214 patres
256 4149 394 4213 conscripti
413 4149 585 4211 vocabantur3
604 4149 636 4201 ci.
656 4151 752 4202 Ausou.
773 4153 803 4204 de
821 4151 884 4203 clar.
902 4149 962 4202 urb:
981 4151 1028 4200 illu
1046 4157 1136 4217 potens
1159 4151 1297 4218 opibusque

152 4230 241 4280 valeus
259 4228 336 4280 Roma
354 4230 436 4282 altera
455 4233 585 4298 quondam.
1137 4237 1140 4244 '

219 4312 251 4374 ⁴⁶)
270 4311 336 4362 Acta
354 4327 375 4361 s.
392 4311 497 4378 Felicis,
516 4311 672 4364 000100001ἰο
689 4313 835 4380 presbyteri
850 4312 959 4378 Nolani,
976 4329 1016 4380 ap.
1036 4312 1149 4364 bolland.
1162 4311 1227 4364 xlx
1239 4312 1293 4363 kal.

151 4392 226 4446 Febr.
245 4391 335 4458 (meus.
355 4391 406 4444 lau.
424 4399 476 4444 tom
492 4393 521 4459 ll,
541 4411 564 4460 p.
583 4394 632 4447 219
646 4396 719 4461 sqq).

218 4473 251 4540 17)
268 4473 329 4526 ibid.
348 4489 372 4542 p.
392 4473 442 4524 232
454 4490 508 4542 sqq.

500 4556 502 4560 .
1103 4559 1135 4616 ᾖ*
