<?xml version="1.0" encoding="UTF-8"?>
<!DOCTYPE html PUBLIC "-//W3C//DTD XHTML 1.0 Transitional//EN"
    "http://www.w3.org/TR/xhtml1/DTD/xhtml1-transitional.dtd">
<html xmlns="http://www.w3.org/1999/xhtml" xml:lang="en" lang="en">
 <head>
  <title>
</title>
<meta http-equiv="Content-Type" content="text/html;charset=utf-8" />
  <meta name='ocr-system' content='tesseract 3.04.00' />
  <meta name='ocr-capabilities' content='ocr_page ocr_carea ocr_par ocr_line ocrx_word'/>
</head>
<body>
  <div class='ocr_page' id='page_1' title='image "./decapitoliisimp01kuhfgoog_0019.png"; bbox 0 0 3086 5110; ppageno 0'>
   <div class='ocr_carea' id='block_1_1' title="bbox 736 331 957 393">
    <p class='ocr_par' dir='ltr' id='par_1_1' title="bbox 736 331 957 393">
     <span class='ocr_line' id='line_1_1' title="bbox 736 331 957 393; baseline 0 -17"><span class='ocrx_word' id='word_1_1' title='bbox 736 331 957 393; x_wconf 75' lang='lat'>...10-</span> 
     </span>
    </p>
   </div>
   <div class='ocr_carea' id='block_1_2' title="bbox 273 507 1424 1080">
    <p class='ocr_par' dir='ltr' id='par_1_2' title="bbox 273 507 1424 962">
     <span class='ocr_line' id='line_1_2' title="bbox 361 507 1424 589; baseline 0.005 -20"><span class='ocrx_word' id='word_1_2' title='bbox 361 507 446 580; x_wconf 82' lang='lat' dir='ltr'>Quae</span> <span class='ocrx_word' id='word_1_3' title='bbox 475 525 543 568; x_wconf 89' lang='lat' dir='ltr'>cum</span> <span class='ocrx_word' id='word_1_4' title='bbox 576 507 614 568; x_wconf 90' lang='lat' dir='ltr'>ita</span> <span class='ocrx_word' id='word_1_5' title='bbox 648 507 709 568; x_wconf 93' lang='lat' dir='ltr'>sint</span> <span class='ocrx_word' id='word_1_6' title='bbox 742 515 805 570; x_wconf 89' lang='lat' dir='ltr'>aeta</span> <span class='ocrx_word' id='word_1_7' title='bbox 838 525 956 587; x_wconf 82' lang='lat' dir='ltr'>quoque</span> <span class='ocrx_word' id='word_1_8' title='bbox 983 515 1155 570; x_wconf 85' lang='lat' dir='ltr'>sanctorum</span> <span class='ocrx_word' id='word_1_9' title='bbox 1189 510 1296 589; x_wconf 85' lang='lat' dir='ltr'>quihus</span> <span class='ocrx_word' id='word_1_10' title='bbox 1323 514 1424 574; x_wconf 86' lang='lat' dir='ltr'>semel</span> 
     </span>
     <span class='ocr_line' id='line_1_3' title="bbox 274 605 1421 684; baseline 0.004 -18"><span class='ocrx_word' id='word_1_11' title='bbox 274 606 443 684; x_wconf 80' lang='lat' dir='ltr'>iterumque</span> <span class='ocrx_word' id='word_1_12' title='bbox 459 605 617 667; x_wconf 72' lang='lat' dir='ltr'>Christiani</span> <span class='ocrx_word' id='word_1_13' title='bbox 640 606 671 666; x_wconf 93' lang='lat' dir='ltr'>in</span> <span class='ocrx_word' id='word_1_14' title='bbox 695 606 870 684; x_wconf 83' lang='lat' dir='ltr'>Capitolium</span> <span class='ocrx_word' id='word_1_15' title='bbox 895 607 973 668; x_wconf 91' lang='lat' dir='ltr'>ducti</span> <span class='ocrx_word' id='word_1_16' title='bbox 997 625 1063 668; x_wconf 87' lang='lat' dir='ltr'>esse</span> <span class='ocrx_word' id='word_1_17' title='bbox 1086 609 1224 669; x_wconf 80' lang='lat' dir='ltr'>seruntur</span> <span class='ocrx_word' id='word_1_18' title='bbox 1240 627 1301 670; x_wconf 88' lang='lat' dir='ltr'>non</span> <span class='ocrx_word' id='word_1_19' title='bbox 1316 609 1421 670; x_wconf 87' lang='lat' dir='ltr'>omnis</span> 
     </span>
     <span class='ocr_line' id='line_1_4' title="bbox 274 705 1423 784; baseline 0.003 -18"><span class='ocrx_word' id='word_1_20' title='bbox 274 705 342 766; x_wconf 90' lang='lat' dir='ltr'>fidei</span> <span class='ocrx_word' id='word_1_21' title='bbox 377 705 507 782; x_wconf 83' lang='lat' dir='ltr'>expertia</span> <span class='ocrx_word' id='word_1_22' title='bbox 536 714 606 765; x_wconf 91' lang='lat' dir='ltr'>sunt</span> <span class='ocrx_word' id='word_1_23' title='bbox 634 723 730 782; x_wconf 90' lang='lat' dir='ltr'>neque</span> <span class='ocrx_word' id='word_1_24' title='bbox 762 705 904 766; x_wconf 89' lang='lat' dir='ltr'>habemus</span> <span class='ocrx_word' id='word_1_25' title='bbox 926 706 1004 784; x_wconf 88' lang='lat' dir='ltr'>qued</span> <span class='ocrx_word' id='word_1_26' title='bbox 1030 725 1130 768; x_wconf 87' lang='lat' dir='ltr'>eorum</span> <span class='ocrx_word' id='word_1_27' title='bbox 1154 708 1315 768; x_wconf 81' lang='lat' dir='ltr'>relationes</span> <span class='ocrx_word' id='word_1_28' title='bbox 1337 708 1423 770; x_wconf 84' lang='lat' dir='ltr'>velut</span> 
     </span>
     <span class='ocr_line' id='line_1_5' title="bbox 274 802 1421 882; baseline 0.005 -20"><span class='ocrx_word' id='word_1_29' title='bbox 274 802 355 863; x_wconf 87' lang='lat' dir='ltr'>fictas</span> <span class='ocrx_word' id='word_1_30' title='bbox 389 803 619 882; x_wconf 90' lang='lat' dir='ltr'>vaniloquasque</span> <span class='ocrx_word' id='word_1_31' title='bbox 652 804 722 866; x_wconf 91' lang='lat' dir='ltr'>licet</span> <span class='ocrx_word' id='word_1_32' title='bbox 754 804 919 866; x_wconf 92' lang='lat' dir='ltr'>cautionem</span> <span class='ocrx_word' id='word_1_33' title='bbox 937 805 1143 867; x_wconf 80' lang='lat' dir='ltr'>adhibeamus</span> <span class='ocrx_word' id='word_1_34' title='bbox 1176 825 1191 866; x_wconf 92' lang='lat' dir='ltr'>a</span> <span class='ocrx_word' id='word_1_35' title='bbox 1224 807 1325 868; x_wconf 90' lang='lat' dir='ltr'>limine</span> <span class='ocrx_word' id='word_1_36' title='bbox 1356 807 1421 868; x_wconf 90' lang='lat' dir='ltr'>rei-</span> 
     </span>
     <span class='ocr_line' id='line_1_6' title="bbox 273 899 394 962; baseline -0.017 0"><span class='ocrx_word' id='word_1_37' title='bbox 273 899 394 962; x_wconf 91' lang='lat' dir='ltr'>ciamus.</span> 
     </span>
    </p>

    <p class='ocr_par' dir='ltr' id='par_1_3' title="bbox 358 999 1416 1080">
     <span class='ocr_line' id='line_1_7' title="bbox 358 999 1416 1080; baseline 0.006 -21"><span class='ocrx_word' id='word_1_38' title='bbox 358 999 417 1060; x_wconf 88' lang='lat' dir='ltr'>Sed</span> <span class='ocrx_word' id='word_1_39' title='bbox 455 999 578 1060; x_wconf 89' lang='lat' dir='ltr'>alterum</span> <span class='ocrx_word' id='word_1_40' title='bbox 616 999 684 1077; x_wconf 92' lang='lat' dir='ltr'>quid</span> <span class='ocrx_word' id='word_1_41' title='bbox 722 1007 814 1060; x_wconf 90' lang='lat' dir='ltr'>restat</span> <span class='ocrx_word' id='word_1_42' title='bbox 850 1009 883 1060; x_wconf 91' lang='lat' dir='ltr'>ut</span> <span class='ocrx_word' id='word_1_43' title='bbox 918 1001 1103 1080; x_wconf 90' lang='lat' dir='ltr'>repellamus.</span> <span class='ocrx_word' id='word_1_44' title='bbox 1150 1001 1297 1063; x_wconf 82' lang='lat' dir='ltr'>Vitruvius</span> <span class='ocrx_word' id='word_1_45' title='bbox 1326 1004 1416 1076; x_wconf 91' lang='lat' dir='ltr'>euim,</span> 
     </span>
    </p>
   </div>
   <div class='ocr_carea' id='block_1_3' title="bbox 271 1095 1524 1176">
    <p class='ocr_par' dir='ltr' id='par_1_4' title="bbox 271 1095 1524 1176">
     <span class='ocr_line' id='line_1_8' title="bbox 271 1095 1524 1176; baseline 0.004 -18"><span class='ocrx_word' id='word_1_46' title='bbox 271 1095 322 1176; x_wconf 90' lang='lat' dir='ltr'>qui</span> <span class='ocrx_word' id='word_1_47' title='bbox 361 1097 392 1156; x_wconf 92' lang='lat' dir='ltr'>ln</span> <span class='ocrx_word' id='word_1_48' title='bbox 434 1097 647 1158; x_wconf 81' lang='lat' dir='ltr'>architecturae</span> <span class='ocrx_word' id='word_1_49' title='bbox 680 1097 754 1158; x_wconf 90' lang='lat' dir='ltr'>libro</span> <span class='ocrx_word' id='word_1_50' title='bbox 789 1098 928 1176; x_wconf 83' lang='lat' dir='ltr'>exemplis</span> <span class='ocrx_word' id='word_1_51' title='bbox 961 1098 1044 1158; x_wconf 88' lang='lat' dir='ltr'>urbis</span> <span class='ocrx_word' id='word_1_52' title='bbox 1086 1099 1196 1160; x_wconf 87' lang='lat' dir='ltr'>Romae</span> <span class='ocrx_word' id='word_1_53' title='bbox 1234 1100 1343 1173; x_wconf 90' lang='lat' dir='ltr'>utitur,</span> <span class='ocrx_word' id='word_1_54' title='bbox 1377 1104 1416 1163; x_wconf 89' lang='lat' dir='ltr'>ad</span> <span class='ocrx_word' id='word_1_55' title='bbox 1523 1131 1524 1140; x_wconf 23' lang='grc' dir='ltr'><strong><em>ο</em></strong></span> 
     </span>
    </p>
   </div>
   <div class='ocr_carea' id='block_1_4' title="bbox 264 1195 1416 2454">
    <p class='ocr_par' dir='ltr' id='par_1_5' title="bbox 267 1195 1416 2255">
     <span class='ocr_line' id='line_1_9' title="bbox 271 1195 1415 1274; baseline 0.007 -20"><span class='ocrx_word' id='word_1_56' title='bbox 271 1195 447 1273; x_wconf 83' lang='lat' dir='ltr'>Capitolium</span> <span class='ocrx_word' id='word_1_57' title='bbox 485 1195 652 1256; x_wconf 88' lang='lat' dir='ltr'>Romanum</span> <span class='ocrx_word' id='word_1_58' title='bbox 692 1195 851 1274; x_wconf 77' lang='lat' dir='ltr'>respiciens</span> <span class='ocrx_word' id='word_1_59' title='bbox 890 1196 950 1256; x_wconf 89' lang='lat' dir='ltr'>lovi</span> <span class='ocrx_word' id='word_1_60' title='bbox 987 1197 1092 1258; x_wconf 91' lang='lat' dir='ltr'>lunoni</span> <span class='ocrx_word' id='word_1_61' title='bbox 1126 1197 1273 1260; x_wconf 87' lang='lat' dir='ltr'>Minervae</span> <span class='ocrx_word' id='word_1_62' title='bbox 1305 1199 1346 1260; x_wconf 90' lang='lat' dir='ltr'>ait</span> <span class='ocrx_word' id='word_1_63' title='bbox 1382 1201 1415 1262; x_wconf 90' lang='lat' dir='ltr'>in</span> 
     </span>
     <span class='ocr_line' id='line_1_10' title="bbox 270 1293 1415 1375; baseline 0.004 -21"><span class='ocrx_word' id='word_1_64' title='bbox 270 1293 468 1354; x_wconf 84' lang='lat' dir='ltr'>excelsissimo</span> <span class='ocrx_word' id='word_1_65' title='bbox 490 1295 554 1354; x_wconf 90' lang='lat' dir='ltr'>leco</span> <span class='ocrx_word' id='word_1_66' title='bbox 578 1293 686 1372; x_wconf 92' lang='lat' dir='ltr'>templa</span> <span class='ocrx_word' id='word_1_67' title='bbox 710 1294 829 1368; x_wconf 85' lang='lat' dir='ltr'>exstrui,</span> <span class='ocrx_word' id='word_1_68' title='bbox 854 1294 931 1354; x_wconf 92' lang='lat' dir='ltr'>unde</span> <span class='ocrx_word' id='word_1_69' title='bbox 948 1295 1072 1356; x_wconf 83' lang='lat' dir='ltr'>maxima</span> <span class='ocrx_word' id='word_1_70' title='bbox 1089 1296 1239 1358; x_wconf 89' lang='lat' dir='ltr'>moenium</span> <span class='ocrx_word' id='word_1_71' title='bbox 1257 1316 1324 1375; x_wconf 90' lang='lat' dir='ltr'>pars</span> <span class='ocrx_word' id='word_1_72' title='bbox 1339 1317 1415 1358; x_wconf 91' lang='lat' dir='ltr'>con-</span> 
     </span>
     <span class='ocr_line' id='line_1_11' title="bbox 271 1391 1416 1470; baseline 0.006 -19"><span class='ocrx_word' id='word_1_73' title='bbox 271 1391 470 1470; x_wconf 78' lang='lat' dir='ltr'>spiciatur10).</span> <span class='ocrx_word' id='word_1_74' title='bbox 509 1392 594 1464; x_wconf 83' lang='lat' dir='ltr'>Quod</span> <span class='ocrx_word' id='word_1_75' title='bbox 617 1391 694 1452; x_wconf 90' lang='lat' dir='ltr'>idem</span> <span class='ocrx_word' id='word_1_76' title='bbox 718 1393 749 1452; x_wconf 91' lang='lat' dir='ltr'>in</span> <span class='ocrx_word' id='word_1_77' title='bbox 771 1393 937 1470; x_wconf 89' lang='lat' dir='ltr'>provinciis,</span> <span class='ocrx_word' id='word_1_78' title='bbox 961 1393 1010 1454; x_wconf 92' lang='lat' dir='ltr'>ubi</span> <span class='ocrx_word' id='word_1_79' title='bbox 1038 1393 1094 1453; x_wconf 93' lang='lat' dir='ltr'>loci</span> <span class='ocrx_word' id='word_1_80' title='bbox 1116 1401 1220 1455; x_wconf 90' lang='lat' dir='ltr'>natura</span> <span class='ocrx_word' id='word_1_81' title='bbox 1237 1396 1328 1467; x_wconf 88' lang='lat' dir='ltr'>daret,</span> <span class='ocrx_word' id='word_1_82' title='bbox 1350 1395 1416 1458; x_wconf 86' lang='lat' dir='ltr'>fae·</span> 
     </span>
     <span class='ocr_line' id='line_1_12' title="bbox 270 1488 1415 1572; baseline 0.003 -22"><span class='ocrx_word' id='word_1_83' title='bbox 270 1499 334 1550; x_wconf 91' lang='lat' dir='ltr'>tum</span> <span class='ocrx_word' id='word_1_84' title='bbox 371 1488 561 1568; x_wconf 62' lang='lat' dir='ltr'>videmusn).</span> <span class='ocrx_word' id='word_1_85' title='bbox 620 1490 657 1550; x_wconf 81' lang='lat' dir='ltr'>ht</span> <span class='ocrx_word' id='word_1_86' title='bbox 690 1497 790 1552; x_wconf 89' lang='lat' dir='ltr'>contra</span> <span class='ocrx_word' id='word_1_87' title='bbox 829 1498 875 1552; x_wconf 89' lang='lat' dir='ltr'>est</span> <span class='ocrx_word' id='word_1_88' title='bbox 906 1490 957 1552; x_wconf 92' lang='lat' dir='ltr'>uhi</span> <span class='ocrx_word' id='word_1_89' title='bbox 990 1491 1129 1572; x_wconf 89' lang='lat' dir='ltr'>Capitolia</span> <span class='ocrx_word' id='word_1_90' title='bbox 1163 1491 1194 1552; x_wconf 91' lang='lat' dir='ltr'>in</span> <span class='ocrx_word' id='word_1_91' title='bbox 1228 1493 1315 1571; x_wconf 91' lang='lat' dir='ltr'>plano</span> <span class='ocrx_word' id='word_1_92' title='bbox 1348 1494 1415 1554; x_wconf 89' lang='lat' dir='ltr'>solo</span> 
     </span>
     <span class='ocr_line' id='line_1_13' title="bbox 269 1587 1413 1672; baseline 0.003 -24"><span class='ocrx_word' id='word_1_93' title='bbox 269 1587 420 1648; x_wconf 80' lang='lat' dir='ltr'>aedificata</span> <span class='ocrx_word' id='word_1_94' title='bbox 442 1588 635 1666; x_wconf 88' lang='lat' dir='ltr'>reperiamus.</span> <span class='ocrx_word' id='word_1_95' title='bbox 677 1588 716 1650; x_wconf 91' lang='lat' dir='ltr'>lis</span> <span class='ocrx_word' id='word_1_96' title='bbox 732 1588 810 1650; x_wconf 90' lang='lat' dir='ltr'>euim</span> <span class='ocrx_word' id='word_1_97' title='bbox 835 1589 866 1650; x_wconf 93' lang='lat' dir='ltr'>iu</span> <span class='ocrx_word' id='word_1_98' title='bbox 883 1589 1007 1668; x_wconf 91' lang='lat' dir='ltr'>oppidis,</span> <span class='ocrx_word' id='word_1_99' title='bbox 1030 1607 1105 1667; x_wconf 88' lang='lat' dir='ltr'>quae</span> <span class='ocrx_word' id='word_1_100' title='bbox 1128 1589 1159 1652; x_wconf 91' lang='lat' dir='ltr'>in</span> <span class='ocrx_word' id='word_1_101' title='bbox 1174 1591 1294 1672; x_wconf 88' lang='lat' dir='ltr'>planitie</span> <span class='ocrx_word' id='word_1_102' title='bbox 1316 1601 1413 1664; x_wconf 86' lang='lat' dir='ltr'>eraut,</span> 
     </span>
     <span class='ocr_line' id='line_1_14' title="bbox 268 1685 1414 1764; baseline 0.006 -18"><span class='ocrx_word' id='word_1_103' title='bbox 268 1706 291 1746; x_wconf 92' lang='lat' dir='ltr'>e.</span> <span class='ocrx_word' id='word_1_104' title='bbox 317 1703 343 1764; x_wconf 84' lang='lat' dir='ltr'>g.</span> <span class='ocrx_word' id='word_1_105' title='bbox 367 1685 496 1764; x_wconf 90' lang='lat' dir='ltr'>Capuae,</span> <span class='ocrx_word' id='word_1_106' title='bbox 530 1687 713 1757; x_wconf 80' lang='lat' dir='ltr'>Florentiae,</span> <span class='ocrx_word' id='word_1_107' title='bbox 737 1687 886 1760; x_wconf 87' lang='lat' dir='ltr'>Corinthi,</span> <span class='ocrx_word' id='word_1_108' title='bbox 911 1687 1067 1760; x_wconf 77' lang='lat' dir='ltr'>Nemeaei,</span> <span class='ocrx_word' id='word_1_109' title='bbox 1097 1689 1278 1750; x_wconf 90' lang='lat' dir='ltr'>Vesontione</span> <span class='ocrx_word' id='word_1_110' title='bbox 1301 1691 1357 1752; x_wconf 90' lang='lat' dir='ltr'>nisi</span> <span class='ocrx_word' id='word_1_111' title='bbox 1378 1692 1414 1753; x_wconf 90' lang='lat' dir='ltr'>in</span> 
     </span>
     <span class='ocr_line' id='line_1_15' title="bbox 267 1783 1413 1866; baseline 0.006 -22"><span class='ocrx_word' id='word_1_112' title='bbox 267 1783 388 1863; x_wconf 89' lang='lat' dir='ltr'>planitie</span> <span class='ocrx_word' id='word_1_113' title='bbox 402 1785 514 1846; x_wconf 81' lang='lat' dir='ltr'>exstrui</span> <span class='ocrx_word' id='word_1_114' title='bbox 525 1803 586 1844; x_wconf 87' lang='lat' dir='ltr'>nou</span> <span class='ocrx_word' id='word_1_115' title='bbox 600 1792 749 1863; x_wconf 89' lang='lat' dir='ltr'>poterant.</span> <span class='ocrx_word' id='word_1_116' title='bbox 775 1787 844 1846; x_wconf 91' lang='lat' dir='ltr'>lude</span> <span class='ocrx_word' id='word_1_117' title='bbox 856 1795 953 1848; x_wconf 90' lang='lat' dir='ltr'>autem</span> <span class='ocrx_word' id='word_1_118' title='bbox 968 1787 1046 1865; x_wconf 93' lang='lat' dir='ltr'>quod</span> <span class='ocrx_word' id='word_1_119' title='bbox 1056 1786 1230 1866; x_wconf 87' lang='lat' dir='ltr'>Capitolium</span> <span class='ocrx_word' id='word_1_120' title='bbox 1242 1789 1413 1851; x_wconf 86' lang='lat' dir='ltr'>Romanum</span> 
     </span>
     <span class='ocr_line' id='line_1_16' title="bbox 267 1883 1412 1964; baseline 0.006 -20"><span class='ocrx_word' id='word_1_121' title='bbox 267 1883 298 1944; x_wconf 90' lang='lat' dir='ltr'>in</span> <span class='ocrx_word' id='word_1_122' title='bbox 321 1883 444 1944; x_wconf 87' lang='lat' dir='ltr'>editiore</span> <span class='ocrx_word' id='word_1_123' title='bbox 466 1883 530 1943; x_wconf 92' lang='lat' dir='ltr'>loco</span> <span class='ocrx_word' id='word_1_124' title='bbox 553 1883 635 1944; x_wconf 88' lang='lat' dir='ltr'>urbis</span> <span class='ocrx_word' id='word_1_125' title='bbox 659 1893 841 1946; x_wconf 81' lang='lat' dir='ltr'>exstructum</span> <span class='ocrx_word' id='word_1_126' title='bbox 865 1893 893 1945; x_wconf 91' lang='lat' dir='ltr'>et</span> <span class='ocrx_word' id='word_1_127' title='bbox 917 1903 1002 1946; x_wconf 92' lang='lat' dir='ltr'>mons</span> <span class='ocrx_word' id='word_1_128' title='bbox 1026 1886 1205 1964; x_wconf 88' lang='lat' dir='ltr'>Capitolinus</span> <span class='ocrx_word' id='word_1_129' title='bbox 1221 1888 1258 1947; x_wconf 90' lang='lat' dir='ltr'>ita</span> <span class='ocrx_word' id='word_1_130' title='bbox 1275 1907 1290 1948; x_wconf 96' lang='lat' dir='ltr'>a</span> <span class='ocrx_word' id='word_1_131' title='bbox 1307 1898 1412 1951; x_wconf 85' lang='lat' dir='ltr'>natura</span> 
     </span>
     <span class='ocr_line' id='line_1_17' title="bbox 267 1968 1409 2066; baseline 0.005 -24"><span class='ocrx_word' id='word_1_132' title='bbox 267 1981 401 2042; x_wconf 89' lang='lat' dir='ltr'>munitus</span> <span class='ocrx_word' id='word_1_133' title='bbox 425 1989 486 2042; x_wconf 88' lang='lat' dir='ltr'>erat</span> <span class='ocrx_word' id='word_1_134' title='bbox 510 1990 542 2042; x_wconf 91' lang='lat' dir='ltr'>ut</span> <span class='ocrx_word' id='word_1_135' title='bbox 563 1968 713 2042; x_wconf 83' lang='lat' dir='ltr'>cas&#39;tcllurn</span> <span class='ocrx_word' id='word_1_136' title='bbox 731 1983 878 2061; x_wconf 88' lang='lat' dir='ltr'>quoddam</span> <span class='ocrx_word' id='word_1_137' title='bbox 902 1991 1077 2062; x_wconf 86' lang='lat' dir='ltr'>praestaret,</span> <span class='ocrx_word' id='word_1_138' title='bbox 1097 1987 1206 2044; x_wconf 81' lang='lat' dir='ltr'>laetum</span> <span class='ocrx_word' id='word_1_139' title='bbox 1224 1993 1269 2046; x_wconf 89' lang='lat' dir='ltr'>est</span> <span class='ocrx_word' id='word_1_140' title='bbox 1285 1993 1317 2046; x_wconf 93' lang='lat' dir='ltr'>ut</span> <span class='ocrx_word' id='word_1_141' title='bbox 1332 1989 1409 2066; x_wconf 89' lang='lat' dir='ltr'>apud</span> 
     </span>
     <span class='ocr_line' id='line_1_18' title="bbox 268 2079 1408 2162; baseline 0.009 -24"><span class='ocrx_word' id='word_1_142' title='bbox 268 2079 428 2158; x_wconf 89' lang='lat' dir='ltr'>scriptores</span> <span class='ocrx_word' id='word_1_143' title='bbox 451 2080 522 2142; x_wconf 90' lang='lat' dir='ltr'>setis</span> <span class='ocrx_word' id='word_1_144' title='bbox 545 2081 633 2142; x_wconf 90' lang='lat' dir='ltr'>rudes</span> <span class='ocrx_word' id='word_1_145' title='bbox 658 2081 829 2142; x_wconf 89' lang='lat' dir='ltr'>vccabulum</span> <span class='ocrx_word' id='word_1_146' title='bbox 854 2082 988 2162; x_wconf 89' lang='lat' dir='ltr'>Capitolii</span> <span class='ocrx_word' id='word_1_147' title='bbox 1011 2101 1098 2144; x_wconf 90' lang='lat' dir='ltr'>usum</span> <span class='ocrx_word' id='word_1_148' title='bbox 1126 2083 1200 2144; x_wconf 89' lang='lat' dir='ltr'>arcis</span> <span class='ocrx_word' id='word_1_149' title='bbox 1227 2084 1270 2144; x_wconf 89' lang='lat' dir='ltr'>vel</span> <span class='ocrx_word' id='word_1_150' title='bbox 1298 2087 1408 2148; x_wconf 89' lang='lat' dir='ltr'>castelli</span> 
     </span>
     <span class='ocr_line' id='line_1_19' title="bbox 268 2176 490 2255; baseline 0 -19"><span class='ocrx_word' id='word_1_151' title='bbox 268 2176 490 2255; x_wconf 75' lang='lat' dir='ltr'>capesseree12).</span> 
     </span>
    </p>

    <p class='ocr_par' dir='ltr' id='par_1_6' title="bbox 264 2275 1407 2454">
     <span class='ocr_line' id='line_1_20' title="bbox 350 2275 1407 2362; baseline 0.009 -28"><span class='ocrx_word' id='word_1_152' title='bbox 350 2275 430 2346; x_wconf 86' lang='lat' dir='ltr'>Quae</span> <span class='ocrx_word' id='word_1_153' title='bbox 454 2276 554 2354; x_wconf 91' lang='lat' dir='ltr'>opinio</span> <span class='ocrx_word' id='word_1_154' title='bbox 570 2295 623 2356; x_wconf 88' lang='lat' dir='ltr'>per</span> <span class='ocrx_word' id='word_1_155' title='bbox 646 2285 740 2337; x_wconf 92' lang='lat' dir='ltr'>totum</span> <span class='ocrx_word' id='word_1_156' title='bbox 765 2278 895 2338; x_wconf 91' lang='lat' dir='ltr'>medium</span> <span class='ocrx_word' id='word_1_157' title='bbox 919 2297 1022 2338; x_wconf 85' lang='lat' dir='ltr'>aevum</span> <span class='ocrx_word' id='word_1_158' title='bbox 1046 2279 1085 2338; x_wconf 91' lang='lat' dir='ltr'>ita</span> <span class='ocrx_word' id='word_1_159' title='bbox 1108 2279 1243 2359; x_wconf 84' lang='lat' dir='ltr'>vulgaris,</span> <span class='ocrx_word' id='word_1_160' title='bbox 1267 2289 1299 2342; x_wconf 90' lang='lat' dir='ltr'>nt</span> <span class='ocrx_word' id='word_1_161' title='bbox 1319 2301 1407 2362; x_wconf 86' lang='lat' dir='ltr'>saepe</span> 
     </span>
     <span class='ocr_line' id='line_1_21' title="bbox 264 2374 1407 2454; baseline 0.009 -22"><span class='ocrx_word' id='word_1_162' title='bbox 264 2390 390 2434; x_wconf 91' lang='lat' dir='ltr'>numero</span> <span class='ocrx_word' id='word_1_163' title='bbox 412 2374 437 2434; x_wconf 90' lang='lat' dir='ltr'>ci</span> <span class='ocrx_word' id='word_1_164' title='bbox 455 2374 700 2454; x_wconf 84' lang='lat' dir='ltr'>occurramus¹³),</span> <span class='ocrx_word' id='word_1_165' title='bbox 724 2376 796 2436; x_wconf 89' lang='lat' dir='ltr'>adeo</span> <span class='ocrx_word' id='word_1_166' title='bbox 813 2394 873 2438; x_wconf 91' lang='lat' dir='ltr'>nen</span> <span class='ocrx_word' id='word_1_167' title='bbox 896 2376 1010 2438; x_wconf 93' lang='lat' dir='ltr'>sublata</span> <span class='ocrx_word' id='word_1_168' title='bbox 1033 2377 1237 2452; x_wconf 90' lang='lat' dir='ltr'>videturesse,</span> <span class='ocrx_word' id='word_1_169' title='bbox 1254 2381 1407 2442; x_wconf 89' lang='lat' dir='ltr'>utetiam-</span> 
     </span>
    </p>
   </div>
   <div class='ocr_carea' id='block_1_5' title="bbox 197 2598 1406 2838">
    <p class='ocr_par' dir='ltr' id='par_1_7' title="bbox 197 2598 1406 2838">
     <span class='ocr_line' id='line_1_22' title="bbox 263 2598 1406 2670; baseline 0.006 -22"><span class='ocrx_word' id='word_1_170' title='bbox 263 2598 341 2649; x_wconf 90' lang='lat' dir='ltr'>verba</span> <span class='ocrx_word' id='word_1_171' title='bbox 361 2599 530 2662; x_wconf 83' lang='lat' dir='ltr'>intelligenda</span> <span class='ocrx_word' id='word_1_172' title='bbox 548 2607 619 2663; x_wconf 83' lang='lat' dir='ltr'>sunt3</span> <span class='ocrx_word' id='word_1_173' title='bbox 635 2600 685 2650; x_wconf 86' lang='lat' dir='ltr'>ille</span> <span class='ocrx_word' id='word_1_174' title='bbox 704 2601 767 2650; x_wconf 88' lang='lat' dir='ltr'>enirn</span> <span class='ocrx_word' id='word_1_175' title='bbox 788 2602 918 2666; x_wconf 88' lang='lat' dir='ltr'>pertinere</span> <span class='ocrx_word' id='word_1_176' title='bbox 936 2617 985 2650; x_wconf 92' lang='lat' dir='ltr'>non</span> <span class='ocrx_word' id='word_1_177' title='bbox 999 2601 1029 2650; x_wconf 88' lang='lat' dir='ltr'>ad</span> <span class='ocrx_word' id='word_1_178' title='bbox 1045 2601 1199 2668; x_wconf 89' lang='lat' dir='ltr'>Capitolium</span> <span class='ocrx_word' id='word_1_179' title='bbox 1211 2601 1406 2670; x_wconf 82' lang='lat' dir='ltr'>illiberitanum,</span> 
     </span>
     <span class='ocr_line' id='line_1_23' title="bbox 263 2679 1405 2753; baseline 0.007 -24"><span class='ocrx_word' id='word_1_180' title='bbox 263 2682 328 2746; x_wconf 90' lang='lat' dir='ltr'>quod</span> <span class='ocrx_word' id='word_1_181' title='bbox 348 2682 486 2732; x_wconf 90' lang='lat' dir='ltr'>voluerunt</span> <span class='ocrx_word' id='word_1_182' title='bbox 504 2681 628 2732; x_wconf 82' lang='lat' dir='ltr'>brennius</span> <span class='ocrx_word' id='word_1_183' title='bbox 648 2689 673 2732; x_wconf 91' lang='lat' dir='ltr'>et</span> <span class='ocrx_word' id='word_1_184' title='bbox 691 2682 776 2744; x_wconf 76' lang='lat' dir='ltr'>Saglio</span> <span class='ocrx_word' id='word_1_185' title='bbox 796 2681 866 2744; x_wconf 82' lang='lat' dir='ltr'>(vide</span> <span class='ocrx_word' id='word_1_186' title='bbox 884 2679 965 2746; x_wconf 87' lang='lat' dir='ltr'>infra)</span> <span class='ocrx_word' id='word_1_187' title='bbox 987 2683 1031 2732; x_wconf 87' lang='lat' dir='ltr'>sed</span> <span class='ocrx_word' id='word_1_188' title='bbox 1050 2683 1080 2732; x_wconf 92' lang='lat' dir='ltr'>ad</span> <span class='ocrx_word' id='word_1_189' title='bbox 1100 2685 1230 2748; x_wconf 90' lang='lat' dir='ltr'>quodlibet</span> <span class='ocrx_word' id='word_1_190' title='bbox 1253 2687 1405 2753; x_wconf 89' lang='lat' dir='ltr'>Capitolium</span> 
     </span>
     <span class='ocr_line' id='line_1_24' title="bbox 197 2763 500 2838; baseline 0 -26"><span class='ocrx_word' id='word_1_191' title='bbox 197 2827 205 2838; x_wconf 37' lang='grc' dir='ltr'>ι</span> <span class='ocrx_word' id='word_1_192' title='bbox 262 2777 334 2812; x_wconf 87' lang='lat' dir='ltr'>nemo</span> <span class='ocrx_word' id='word_1_193' title='bbox 353 2779 403 2812; x_wconf 92' lang='lat' dir='ltr'>non</span> <span class='ocrx_word' id='word_1_194' title='bbox 422 2763 500 2813; x_wconf 84' lang='lat' dir='ltr'>videt.</span> 
     </span>
    </p>
   </div>
   <div class='ocr_carea' id='block_1_6' title="bbox 259 2855 1406 3508">
    <p class='ocr_par' dir='ltr' id='par_1_8' title="bbox 259 2855 1406 3254">
     <span class='ocr_line' id='line_1_25' title="bbox 331 2855 1406 2929; baseline 0.006 -23"><span class='ocrx_word' id='word_1_195' title='bbox 331 2858 364 2920; x_wconf 88' lang='lat'>¹⁰)</span> <span class='ocrx_word' id='word_1_196' title='bbox 383 2857 423 2908; x_wconf 86' lang='lat' dir='ltr'>vd.</span> <span class='ocrx_word' id='word_1_197' title='bbox 449 2857 493 2908; x_wconf 92' lang='lat' dir='ltr'>lib.</span> <span class='ocrx_word' id='word_1_198' title='bbox 517 2855 528 2907; x_wconf 94' lang='lat' dir='ltr'>l</span> <span class='ocrx_word' id='word_1_199' title='bbox 551 2859 604 2908; x_wconf 69' lang='grc' dir='ltr'>οἵ</span> <span class='ocrx_word' id='word_1_200' title='bbox 633 2855 665 2908; x_wconf 80' lang='lat' dir='ltr'>ci.</span> <span class='ocrx_word' id='word_1_201' title='bbox 684 2857 793 2907; x_wconf 85' lang='lat' dir='ltr'>Aristid.</span> <span class='ocrx_word' id='word_1_202' title='bbox 813 2864 877 2908; x_wconf 87' lang='lat' dir='ltr'>oret.</span> <span class='ocrx_word' id='word_1_203' title='bbox 901 2855 918 2922; x_wconf 91' lang='lat' dir='ltr'>l,</span> <span class='ocrx_word' id='word_1_204' title='bbox 944 2859 959 2908; x_wconf 87' lang='grc'><strong>6</strong></span> <span class='ocrx_word' id='word_1_205' title='bbox 988 2859 1036 2919; x_wconf 76' lang='grc' dir='ltr'>(εἰς</span> <span class='ocrx_word' id='word_1_206' title='bbox 1059 2859 1140 2921; x_wconf 83' lang='grc' dir='ltr'><em>Δία).·</em></span> <span class='ocrx_word' id='word_1_207' title='bbox 1170 2855 1215 2916; x_wconf 78' lang='grc' dir='ltr'>τὰς</span> <span class='ocrx_word' id='word_1_208' title='bbox 1240 2855 1406 2929; x_wconf 77' lang='grc' dir='ltr'><strong><em>ἀκροπόλεις</em></strong></span> 
     </span>
     <span class='ocr_line' id='line_1_26' title="bbox 261 2932 1403 3010; baseline 0.004 -22"><span class='ocrx_word' id='word_1_209' title='bbox 261 2937 362 2998; x_wconf 70' lang='grc' dir='ltr'><strong><em>ἐξεῖλον</em></strong></span> <span class='ocrx_word' id='word_1_210' title='bbox 379 2939 436 3001; x_wconf 83' lang='lat' dir='ltr'>Ari,</span> <span class='ocrx_word' id='word_1_211' title='bbox 460 2932 528 3010; x_wconf 83' lang='grc' dir='ltr'><em>πρός</em></span> <span class='ocrx_word' id='word_1_212' title='bbox 546 2954 572 2989; x_wconf 84' lang='grc' dir='ltr'>τε</span> <span class='ocrx_word' id='word_1_213' title='bbox 590 2934 620 2988; x_wconf 86' lang='grc' dir='ltr'>τὸ</span> <span class='ocrx_word' id='word_1_214' title='bbox 639 2939 687 2989; x_wconf 80' lang='grc' dir='ltr'>τοῦ</span> <span class='ocrx_word' id='word_1_215' title='bbox 706 2935 810 2994; x_wconf 81' lang='grc' dir='ltr'><strong><em>παντὸς</em></strong></span> <span class='ocrx_word' id='word_1_216' title='bbox 828 2935 1003 3008; x_wconf 74' lang='grc' dir='ltr'><em>παράδειγμα</em></span> <span class='ocrx_word' id='word_1_217' title='bbox 1021 2941 1178 3004; x_wconf 76' lang='grc' dir='ltr'><strong><em>βλέποντες,</em></strong></span> <span class='ocrx_word' id='word_1_218' title='bbox 1206 2935 1247 2992; x_wconf 84' lang='grc' dir='ltr'>ὅτι</span> <span class='ocrx_word' id='word_1_219' title='bbox 1270 2934 1305 3004; x_wconf 80' lang='grc' dir='ltr'>ἦν</span> <span class='ocrx_word' id='word_1_220' title='bbox 1322 2940 1403 3001; x_wconf 79' lang='grc' dir='ltr'><em>αὐτ“ς</em></span> 
     </span>
     <span class='ocr_line' id='line_1_27' title="bbox 259 3015 1406 3092; baseline 0.004 -23"><span class='ocrx_word' id='word_1_221' title='bbox 259 3020 313 3072; x_wconf 84' lang='grc' dir='ltr'>τῶν</span> <span class='ocrx_word' id='word_1_222' title='bbox 330 3015 420 3089; x_wconf 76' lang='grc' dir='ltr'><em>ἄκρων</em></span> <span class='ocrx_word' id='word_1_223' title='bbox 437 3023 485 3072; x_wconf 88' lang='grc' dir='ltr'>τοῦ</span> <span class='ocrx_word' id='word_1_224' title='bbox 502 3017 606 3076; x_wconf 79' lang='grc' dir='ltr'><strong><em>παντὸς</em></strong></span> <span class='ocrx_word' id='word_1_225' title='bbox 624 3017 739 3092; x_wconf 76' lang='grc' dir='ltr'><strong><em>οἰκήτωρ</em></strong></span> <span class='ocrx_word' id='word_1_226' title='bbox 758 3027 783 3070; x_wconf 88' lang='lat' dir='ltr'>et</span> <span class='ocrx_word' id='word_1_227' title='bbox 802 3029 867 3070; x_wconf 83' lang='lat' dir='ltr'>orat.</span> <span class='ocrx_word' id='word_1_228' title='bbox 886 3021 908 3070; x_wconf 95' lang='lat' dir='ltr'>ll</span> <span class='ocrx_word' id='word_1_229' title='bbox 929 3021 959 3070; x_wconf 84' lang='lat'>12</span> <span class='ocrx_word' id='word_1_230' title='bbox 978 3019 1028 3086; x_wconf 75' lang='lat' dir='ltr'>(sic</span> <span class='ocrx_word' id='word_1_231' title='bbox 1042 3017 1188 3085; x_wconf 62' lang='lat' dir='ltr'>libandei:</span> <span class='ocrx_word' id='word_1_232' title='bbox 1211 3025 1257 3074; x_wconf 84' lang='grc' dir='ltr'>καὶ</span> <span class='ocrx_word' id='word_1_233' title='bbox 1280 3024 1351 3076; x_wconf 78' lang='grc' dir='ltr'><strong><em>εἰσὶν</em></strong></span> <span class='ocrx_word' id='word_1_234' title='bbox 1373 3026 1406 3074; x_wconf 85' lang='grc' dir='ltr'>αἱ</span> 
     </span>
     <span class='ocr_line' id='line_1_28' title="bbox 259 3096 1400 3176; baseline 0.004 -24"><span class='ocrx_word' id='word_1_235' title='bbox 259 3096 351 3157; x_wconf 78' lang='grc' dir='ltr'><strong><em>πόλεις</em></strong></span> <span class='ocrx_word' id='word_1_236' title='bbox 368 3099 442 3172; x_wconf 73' lang='grc' dir='ltr'><em>δῶρα</em></span> <span class='ocrx_word' id='word_1_237' title='bbox 456 3098 582 3167; x_wconf 74' lang='grc' dir='ltr'><em>Ἀθηνᾶς·</em></span> <span class='ocrx_word' id='word_1_238' title='bbox 601 3097 667 3153; x_wconf 73' lang='grc' dir='ltr'>ὅθεν</span> <span class='ocrx_word' id='word_1_239' title='bbox 685 3097 717 3165; x_wconf 73' lang='grc' dir='ltr'>δὴ</span> <span class='ocrx_word' id='word_1_240' title='bbox 734 3103 780 3152; x_wconf 82' lang='grc' dir='ltr'>καὶ</span> <span class='ocrx_word' id='word_1_241' title='bbox 797 3101 943 3170; x_wconf 76' lang='grc' dir='ltr'><strong><em>πολιοῦχος</em></strong></span> <span class='ocrx_word' id='word_1_242' title='bbox 953 3097 1043 3154; x_wconf 82' lang='grc' dir='ltr'><em>ἅπασι</em></span> <span class='ocrx_word' id='word_1_243' title='bbox 1061 3103 1193 3168; x_wconf 74' lang='grc' dir='ltr'><em>κέκληται·</em></span> <span class='ocrx_word' id='word_1_244' title='bbox 1213 3101 1264 3161; x_wconf 79' lang='grc' dir='ltr'>τὰς</span> <span class='ocrx_word' id='word_1_245' title='bbox 1277 3103 1307 3158; x_wconf 75' lang='grc' dir='ltr'>δὲ</span> <span class='ocrx_word' id='word_1_246' title='bbox 1318 3103 1400 3176; x_wconf 81' lang='grc' dir='ltr'><strong><em>ἄκρο-</em></strong></span> 
     </span>
     <span class='ocr_line' id='line_1_29' title="bbox 260 3174 691 3254; baseline 0 -22"><span class='ocrx_word' id='word_1_247' title='bbox 260 3174 351 3238; x_wconf 78' lang='grc' dir='ltr'><strong><em>πὸλεις</em></strong></span> <span class='ocrx_word' id='word_1_248' title='bbox 368 3181 470 3240; x_wconf 70' lang='grc' dir='ltr'><strong><em>ἐξεῖλον</em></strong></span> <span class='ocrx_word' id='word_1_249' title='bbox 488 3177 556 3254; x_wconf 78' lang='grc' dir='ltr'><em>αὐτῇ</em></span> <span class='ocrx_word' id='word_1_250' title='bbox 574 3183 691 3238; x_wconf 71' lang='grc' dir='ltr'><strong><em>δικαίως.</em></strong></span> 
     </span>
    </p>

    <p class='ocr_par' dir='ltr' id='par_1_9' title="bbox 259 3276 1401 3508">
     <span class='ocr_line' id='line_1_30' title="bbox 328 3276 1401 3344; baseline 0.006 -18"><span class='ocrx_word' id='word_1_251' title='bbox 328 3278 359 3337; x_wconf 84' lang='lat'>¹¹)</span> <span class='ocrx_word' id='word_1_252' title='bbox 379 3276 456 3342; x_wconf 82' lang='lat' dir='ltr'>Quem</span> <span class='ocrx_word' id='word_1_253' title='bbox 476 3277 507 3326; x_wconf 93' lang='lat' dir='ltr'>oh</span> <span class='ocrx_word' id='word_1_254' title='bbox 526 3293 578 3328; x_wconf 87' lang='lat' dir='ltr'>rem</span> <span class='ocrx_word' id='word_1_255' title='bbox 599 3277 752 3342; x_wconf 87' lang='lat' dir='ltr'>Capitolium</span> <span class='ocrx_word' id='word_1_256' title='bbox 770 3278 909 3327; x_wconf 88' lang='lat' dir='ltr'>ascendere</span> <span class='ocrx_word' id='word_1_257' title='bbox 929 3285 957 3328; x_wconf 88' lang='lat' dir='ltr'>ut</span> <span class='ocrx_word' id='word_1_258' title='bbox 980 3279 1009 3327; x_wconf 91' lang='lat' dir='ltr'>de</span> <span class='ocrx_word' id='word_1_259' title='bbox 1029 3277 1154 3344; x_wconf 90' lang='lat' dir='ltr'>Capitolio</span> <span class='ocrx_word' id='word_1_260' title='bbox 1177 3278 1288 3330; x_wconf 86' lang='lat' dir='ltr'>Romano</span> <span class='ocrx_word' id='word_1_261' title='bbox 1312 3281 1348 3332; x_wconf 89' lang='lat' dir='ltr'>ita</span> <span class='ocrx_word' id='word_1_262' title='bbox 1371 3283 1401 3332; x_wconf 90' lang='lat' dir='ltr'>de</span> 
     </span>
     <span class='ocr_line' id='line_1_31' title="bbox 259 3359 1399 3428; baseline 0.005 -20"><span class='ocrx_word' id='word_1_263' title='bbox 259 3359 461 3424; x_wconf 87' lang='lat' dir='ltr'>provincialibus</span> <span class='ocrx_word' id='word_1_264' title='bbox 480 3365 605 3424; x_wconf 89' lang='lat' dir='ltr'>tamquam</span> <span class='ocrx_word' id='word_1_265' title='bbox 628 3360 692 3410; x_wconf 88' lang='lat' dir='ltr'>artis</span> <span class='ocrx_word' id='word_1_266' title='bbox 711 3359 861 3409; x_wconf 85' lang='lat' dir='ltr'>vocabulum</span> <span class='ocrx_word' id='word_1_267' title='bbox 881 3361 906 3408; x_wconf 91' lang='lat' dir='ltr'>in</span> <span class='ocrx_word' id='word_1_268' title='bbox 926 3375 974 3409; x_wconf 91' lang='lat' dir='ltr'>usu</span> <span class='ocrx_word' id='word_1_269' title='bbox 992 3367 1045 3422; x_wconf 79' lang='lat' dir='ltr'>est3</span> <span class='ocrx_word' id='word_1_270' title='bbox 1072 3377 1093 3410; x_wconf 93' lang='lat' dir='ltr'>e.</span> <span class='ocrx_word' id='word_1_271' title='bbox 1112 3376 1135 3424; x_wconf 73' lang='lat' dir='ltr'>g,</span> <span class='ocrx_word' id='word_1_272' title='bbox 1159 3361 1191 3412; x_wconf 88' lang='lat' dir='ltr'>cl.</span> <span class='ocrx_word' id='word_1_273' title='bbox 1215 3363 1336 3428; x_wconf 79' lang='lat' dir='ltr'>Cypriae.</span> <span class='ocrx_word' id='word_1_274' title='bbox 1354 3365 1399 3415; x_wconf 92' lang='lat' dir='ltr'>lib.</span> 
     </span>
     <span class='ocr_line' id='line_1_32' title="bbox 259 3439 1399 3508; baseline 0.004 -18"><span class='ocrx_word' id='word_1_275' title='bbox 259 3441 289 3492; x_wconf 90' lang='lat' dir='ltr'>de</span> <span class='ocrx_word' id='word_1_276' title='bbox 302 3441 381 3506; x_wconf 86' lang='lat' dir='ltr'>lapsis</span> <span class='ocrx_word' id='word_1_277' title='bbox 393 3441 485 3506; x_wconf 90' lang='lat' dir='ltr'>patrol.</span> <span class='ocrx_word' id='word_1_278' title='bbox 499 3439 555 3490; x_wconf 85' lang='lat' dir='ltr'>Lat.</span> <span class='ocrx_word' id='word_1_279' title='bbox 569 3457 621 3491; x_wconf 91' lang='lat' dir='ltr'>cur.</span> <span class='ocrx_word' id='word_1_280' title='bbox 635 3441 719 3505; x_wconf 83' lang='lat' dir='ltr'>Migne</span> <span class='ocrx_word' id='word_1_281' title='bbox 732 3441 784 3490; x_wconf 90' lang='lat' dir='ltr'>vol.</span> <span class='ocrx_word' id='word_1_282' title='bbox 798 3439 832 3492; x_wconf 98' lang='lat' dir='ltr'>lV</span> <span class='ocrx_word' id='word_1_283' title='bbox 845 3441 894 3490; x_wconf 92' lang='lat' dir='ltr'>col.</span> <span class='ocrx_word' id='word_1_284' title='bbox 908 3440 958 3490; x_wconf 84' lang='grc'>484</span> <span class='ocrx_word' id='word_1_285' title='bbox 971 3448 997 3490; x_wconf 87' lang='lat' dir='ltr'>et</span> <span class='ocrx_word' id='word_1_286' title='bbox 1010 3441 1106 3491; x_wconf 89' lang='lat' dir='ltr'>Coocil.</span> <span class='ocrx_word' id='word_1_287' title='bbox 1120 3442 1186 3492; x_wconf 91' lang='lat' dir='ltr'>lllih.</span> <span class='ocrx_word' id='word_1_288' title='bbox 1200 3458 1277 3508; x_wconf 89' lang='lat' dir='ltr'>supra</span> <span class='ocrx_word' id='word_1_289' title='bbox 1289 3443 1399 3494; x_wconf 86' lang='lat' dir='ltr'>allatum.</span> 
     </span>
    </p>
   </div>
   <div class='ocr_carea' id='block_1_7' title="bbox 258 3536 1400 3683">
    <p class='ocr_par' dir='ltr' id='par_1_10' title="bbox 258 3536 1400 3683">
     <span class='ocr_line' id='line_1_33' title="bbox 329 3536 1400 3605; baseline 0.003 -18"><span class='ocrx_word' id='word_1_290' title='bbox 329 3537 360 3598; x_wconf 81' lang='lat'>¹²)</span> <span class='ocrx_word' id='word_1_291' title='bbox 379 3538 420 3588; x_wconf 89' lang='lat' dir='ltr'>vd.</span> <span class='ocrx_word' id='word_1_292' title='bbox 439 3537 589 3604; x_wconf 84' lang='lat' dir='ltr'>Hieronymi</span> <span class='ocrx_word' id='word_1_293' title='bbox 608 3543 739 3586; x_wconf 86' lang='lat' dir='ltr'>comment.</span> <span class='ocrx_word' id='word_1_294' title='bbox 762 3536 788 3585; x_wconf 91' lang='lat' dir='ltr'>iu</span> <span class='ocrx_word' id='word_1_295' title='bbox 806 3536 909 3586; x_wconf 83' lang='lat' dir='ltr'>Esaiam</span> <span class='ocrx_word' id='word_1_296' title='bbox 926 3554 947 3587; x_wconf 90' lang='lat' dir='ltr'>c.</span> <span class='ocrx_word' id='word_1_297' title='bbox 969 3537 1011 3586; x_wconf 82' lang='lat'>13:</span> <span class='ocrx_word' id='word_1_298' title='bbox 1039 3552 1087 3594; x_wconf 80' lang='lat' dir='ltr'>arx</span> <span class='ocrx_word' id='word_1_299' title='bbox 1105 3545 1197 3602; x_wconf 82' lang='lat' dir='ltr'>autem,</span> <span class='ocrx_word' id='word_1_300' title='bbox 1220 3538 1245 3588; x_wconf 93' lang='lat' dir='ltr'>id</span> <span class='ocrx_word' id='word_1_301' title='bbox 1268 3546 1308 3590; x_wconf 86' lang='lat' dir='ltr'>est</span> <span class='ocrx_word' id='word_1_302' title='bbox 1327 3537 1400 3605; x_wconf 87' lang='lat' dir='ltr'>Cepi-</span> 
     </span>
     <span class='ocr_line' id='line_1_34' title="bbox 258 3617 1155 3683; baseline -0.002 -13"><span class='ocrx_word' id='word_1_303' title='bbox 258 3621 349 3671; x_wconf 86' lang='lat' dir='ltr'>tolium</span> <span class='ocrx_word' id='word_1_304' title='bbox 367 3619 440 3669; x_wconf 89' lang='lat' dir='ltr'>illius</span> <span class='ocrx_word' id='word_1_305' title='bbox 458 3618 542 3680; x_wconf 81' lang='lat' dir='ltr'>urbis3</span> <span class='ocrx_word' id='word_1_306' title='bbox 560 3617 620 3667; x_wconf 86' lang='lat' dir='ltr'>leid.</span> <span class='ocrx_word' id='word_1_307' title='bbox 640 3617 710 3682; x_wconf 89' lang='lat' dir='ltr'>Hisp,</span> <span class='ocrx_word' id='word_1_308' title='bbox 728 3617 825 3682; x_wconf 57' lang='lat' dir='ltr'>Etyma</span> <span class='ocrx_word' id='word_1_309' title='bbox 844 3633 900 3680; x_wconf 79' lang='lat' dir='ltr'>arx,</span> <span class='ocrx_word' id='word_1_310' title='bbox 918 3617 935 3668; x_wconf 89' lang='lat' dir='ltr'>i.</span> <span class='ocrx_word' id='word_1_311' title='bbox 955 3633 975 3668; x_wconf 89' lang='lat' dir='ltr'>e.</span> <span class='ocrx_word' id='word_1_312' title='bbox 996 3617 1155 3683; x_wconf 87' lang='lat' dir='ltr'>Capitolium.</span> 
     </span>
    </p>
   </div>
   <div class='ocr_carea' id='block_1_8' title="bbox 253 3711 1399 4350">
    <p class='ocr_par' dir='ltr' id='par_1_11' title="bbox 253 3711 1399 4350">
     <span class='ocr_line' id='line_1_35' title="bbox 326 3711 1398 3777; baseline 0.005 -16"><span class='ocrx_word' id='word_1_313' title='bbox 326 3713 359 3776; x_wconf 79' lang='lat'>¹⁸)</span> <span class='ocrx_word' id='word_1_314' title='bbox 378 3728 399 3762; x_wconf 91' lang='lat' dir='ltr'>e.</span> <span class='ocrx_word' id='word_1_315' title='bbox 419 3729 442 3776; x_wconf 79' lang='lat' dir='ltr'>g.</span> <span class='ocrx_word' id='word_1_316' title='bbox 457 3711 611 3777; x_wconf 84' lang='lat' dir='ltr'>Capitolium</span> <span class='ocrx_word' id='word_1_317' title='bbox 629 3727 674 3777; x_wconf 92' lang='lat' dir='ltr'>pre</span> <span class='ocrx_word' id='word_1_318' title='bbox 694 3711 801 3768; x_wconf 86' lang='lat' dir='ltr'>castello</span> <span class='ocrx_word' id='word_1_319' title='bbox 820 3711 955 3762; x_wconf 87' lang='lat' dir='ltr'>adhibetur</span> <span class='ocrx_word' id='word_1_320' title='bbox 973 3713 1003 3762; x_wconf 90' lang='lat' dir='ltr'>ab</span> <span class='ocrx_word' id='word_1_321' title='bbox 1017 3711 1141 3762; x_wconf 84' lang='lat' dir='ltr'>Ademero</span> <span class='ocrx_word' id='word_1_322' title='bbox 1155 3713 1296 3764; x_wconf 83' lang='lat' dir='ltr'>Cabenensi</span> <span class='ocrx_word' id='word_1_323' title='bbox 1307 3715 1398 3766; x_wconf 88' lang='lat' dir='ltr'>histor.</span> 
     </span>
     <span class='ocr_line' id='line_1_36' title="bbox 256 3792 1398 3860; baseline 0.003 -16"><span class='ocrx_word' id='word_1_324' title='bbox 256 3795 301 3844; x_wconf 91' lang='lat' dir='ltr'>lib.</span> <span class='ocrx_word' id='word_1_325' title='bbox 320 3793 353 3844; x_wconf 98' lang='lat' dir='ltr'>lll</span> <span class='ocrx_word' id='word_1_326' title='bbox 372 3794 417 3844; x_wconf 88' lang='lat' dir='ltr'>sub</span> <span class='ocrx_word' id='word_1_327' title='bbox 436 3810 459 3844; x_wconf 86' lang='lat' dir='ltr'>e.</span> <span class='ocrx_word' id='word_1_328' title='bbox 481 3793 545 3842; x_wconf 83' lang='lat'>1022</span> <span class='ocrx_word' id='word_1_329' title='bbox 565 3794 638 3858; x_wconf 78' lang='lat' dir='ltr'>(epod</span> <span class='ocrx_word' id='word_1_330' title='bbox 657 3793 785 3842; x_wconf 88' lang='lat' dir='ltr'>Pertzium</span> <span class='ocrx_word' id='word_1_331' title='bbox 804 3792 871 3842; x_wconf 89' lang='lat' dir='ltr'>Mon.</span> <span class='ocrx_word' id='word_1_332' title='bbox 890 3792 924 3844; x_wconf 93' lang='lat' dir='ltr'>Vl</span> <span class='ocrx_word' id='word_1_333' title='bbox 946 3809 969 3859; x_wconf 91' lang='lat' dir='ltr'>p.</span> <span class='ocrx_word' id='word_1_334' title='bbox 985 3794 1056 3857; x_wconf 66' lang='lat' dir='ltr'>rtet:</span> <span class='ocrx_word' id='word_1_335' title='bbox 1081 3794 1152 3844; x_wconf 90' lang='lat' dir='ltr'>Tune</span> <span class='ocrx_word' id='word_1_336' title='bbox 1169 3795 1292 3860; x_wconf 89' lang='lat' dir='ltr'>temporis</span> <span class='ocrx_word' id='word_1_337' title='bbox 1316 3812 1398 3847; x_wconf 88' lang='lat' dir='ltr'>comes</span> 
     </span>
     <span class='ocr_line' id='line_1_37' title="bbox 258 3873 1399 3940; baseline 0.001 -13"><span class='ocrx_word' id='word_1_338' title='bbox 258 3876 452 3939; x_wconf 80' lang='lat' dir='ltr'>Andagavensis</span> <span class='ocrx_word' id='word_1_339' title='bbox 471 3874 559 3937; x_wconf 80' lang='lat' dir='ltr'>Foloe,</span> <span class='ocrx_word' id='word_1_340' title='bbox 578 3891 634 3924; x_wconf 89' lang='lat' dir='ltr'>cum</span> <span class='ocrx_word' id='word_1_341' title='bbox 651 3873 785 3925; x_wconf 80' lang='lat' dir='ltr'>manifeste</span> <span class='ocrx_word' id='word_1_342' title='bbox 803 3889 925 3940; x_wconf 85' lang='lat' dir='ltr'>superare</span> <span class='ocrx_word' id='word_1_343' title='bbox 944 3875 1060 3940; x_wconf 88' lang='lat' dir='ltr'>nequiret</span> <span class='ocrx_word' id='word_1_344' title='bbox 1077 3875 1215 3926; x_wconf 74' lang='lat' dir='ltr'>Arbustum</span> <span class='ocrx_word' id='word_1_345' title='bbox 1233 3878 1399 3929; x_wconf 86' lang='lat' dir='ltr'>Cenomauuis</span> 
     </span>
     <span class='ocr_line' id='line_1_38' title="bbox 256 3956 1397 4022; baseline -0.002 -12"><span class='ocrx_word' id='word_1_346' title='bbox 256 3958 386 4020; x_wconf 83' lang='lat' dir='ltr'>comitem,</span> <span class='ocrx_word' id='word_1_347' title='bbox 410 3957 470 4006; x_wconf 91' lang='lat' dir='ltr'>dole</span> <span class='ocrx_word' id='word_1_348' title='bbox 488 3957 566 4006; x_wconf 87' lang='lat' dir='ltr'>acciit</span> <span class='ocrx_word' id='word_1_349' title='bbox 584 3972 639 4006; x_wconf 82' lang='lat' dir='ltr'>euni</span> <span class='ocrx_word' id='word_1_350' title='bbox 663 3957 689 4006; x_wconf 88' lang='lat' dir='ltr'>iu</span> <span class='ocrx_word' id='word_1_351' title='bbox 707 3956 856 4022; x_wconf 85' lang='lat' dir='ltr'>capitolium</span> <span class='ocrx_word' id='word_1_352' title='bbox 874 3956 1016 4006; x_wconf 78' lang='lat' dir='ltr'>Sanctouee</span> <span class='ocrx_word' id='word_1_353' title='bbox 1039 3957 1110 4007; x_wconf 87' lang='lat' dir='ltr'>urbis</span> <span class='ocrx_word' id='word_1_354' title='bbox 1133 3958 1204 4022; x_wconf 86' lang='lat' dir='ltr'>quasi</span> <span class='ocrx_word' id='word_1_355' title='bbox 1227 3959 1253 4008; x_wconf 92' lang='lat' dir='ltr'>in</span> <span class='ocrx_word' id='word_1_356' title='bbox 1277 3959 1397 4010; x_wconf 83' lang='lat' dir='ltr'>beneficio</span> 
     </span>
     <span class='ocr_line' id='line_1_39' title="bbox 255 4038 1396 4104; baseline 0 -14"><span class='ocrx_word' id='word_1_357' title='bbox 255 4041 343 4090; x_wconf 88' lang='lat' dir='ltr'>urbem</span> <span class='ocrx_word' id='word_1_358' title='bbox 362 4039 442 4104; x_wconf 88' lang='lat' dir='ltr'>ipsam</span> <span class='ocrx_word' id='word_1_359' title='bbox 460 4039 485 4088; x_wconf 91' lang='lat' dir='ltr'>ei</span> <span class='ocrx_word' id='word_1_360' title='bbox 503 4039 661 4089; x_wconf 88' lang='lat' dir='ltr'>concederet.</span> <span class='ocrx_word' id='word_1_361' title='bbox 696 4039 732 4088; x_wconf 83' lang='lat' dir='ltr'>Et</span> <span class='ocrx_word' id='word_1_362' title='bbox 749 4039 878 4089; x_wconf 83' lang='lat' dir='ltr'>incautum</span> <span class='ocrx_word' id='word_1_363' title='bbox 897 4045 924 4088; x_wconf 87' lang='lat' dir='ltr'>et</span> <span class='ocrx_word' id='word_1_364' title='bbox 942 4038 1005 4088; x_wconf 91' lang='lat' dir='ltr'>nihil</span> <span class='ocrx_word' id='word_1_365' title='bbox 1018 4039 1077 4089; x_wconf 88' lang='lat' dir='ltr'>mali</span> <span class='ocrx_word' id='word_1_366' title='bbox 1089 4039 1260 4104; x_wconf 86' lang='lat' dir='ltr'>suspicantem</span> <span class='ocrx_word' id='word_1_367' title='bbox 1273 4041 1396 4092; x_wconf 86' lang='lat' dir='ltr'>inclusum</span> 
     </span>
     <span class='ocr_line' id='line_1_40' title="bbox 254 4118 1397 4188; baseline 0.001 -16"><span class='ocrx_word' id='word_1_368' title='bbox 254 4120 376 4187; x_wconf 85' lang='lat' dir='ltr'>capitolio</span> <span class='ocrx_word' id='word_1_369' title='bbox 395 4118 501 4170; x_wconf 83' lang='lat' dir='ltr'>neleude</span> <span class='ocrx_word' id='word_1_370' title='bbox 521 4135 577 4170; x_wconf 89' lang='lat' dir='ltr'>eum</span> <span class='ocrx_word' id='word_1_371' title='bbox 596 4121 671 4186; x_wconf 87' lang='lat' dir='ltr'>cepit.</span> <span class='ocrx_word' id='word_1_372' title='bbox 707 4120 756 4169; x_wconf 91' lang='lat' dir='ltr'>Pro</span> <span class='ocrx_word' id='word_1_373' title='bbox 776 4119 887 4170; x_wconf 86' lang='lat' dir='ltr'>ecclesie</span> <span class='ocrx_word' id='word_1_374' title='bbox 905 4119 1055 4170; x_wconf 88' lang='lat' dir='ltr'>vocabulum</span> <span class='ocrx_word' id='word_1_375' title='bbox 1076 4121 1193 4185; x_wconf 84' lang='lat' dir='ltr'>usurpari</span> <span class='ocrx_word' id='word_1_376' title='bbox 1208 4123 1320 4186; x_wconf 84' lang='lat' dir='ltr'>reperies</span> <span class='ocrx_word' id='word_1_377' title='bbox 1332 4123 1397 4188; x_wconf 84' lang='lat' dir='ltr'>apud</span> 
     </span>
     <span class='ocr_line' id='line_1_41' title="bbox 253 4199 1396 4266; baseline 0 -14"><span class='ocrx_word' id='word_1_378' title='bbox 253 4202 382 4252; x_wconf 84' lang='lat' dir='ltr'>Pertziunr</span> <span class='ocrx_word' id='word_1_379' title='bbox 401 4201 469 4251; x_wconf 90' lang='lat' dir='ltr'>Mon.</span> <span class='ocrx_word' id='word_1_380' title='bbox 488 4201 539 4251; x_wconf 85' lang='lat' dir='ltr'>vol.</span> <span class='ocrx_word' id='word_1_381' title='bbox 559 4199 614 4252; x_wconf 95' lang='lat' dir='ltr'>Vlll</span> <span class='ocrx_word' id='word_1_382' title='bbox 632 4217 654 4266; x_wconf 93' lang='lat' dir='ltr'>p.</span> <span class='ocrx_word' id='word_1_383' title='bbox 675 4201 733 4264; x_wconf 82' lang='lat'>383,</span> <span class='ocrx_word' id='word_1_384' title='bbox 745 4200 778 4250; x_wconf 84' lang='lat'>43</span> <span class='ocrx_word' id='word_1_385' title='bbox 798 4202 854 4264; x_wconf 82' lang='lat' dir='ltr'>(sub</span> <span class='ocrx_word' id='word_1_386' title='bbox 872 4217 895 4251; x_wconf 86' lang='lat' dir='ltr'>a.</span> <span class='ocrx_word' id='word_1_387' title='bbox 917 4201 1003 4261; x_wconf 65' lang='lat' dir='ltr'>itali:</span> <span class='ocrx_word' id='word_1_388' title='bbox 1024 4199 1164 4264; x_wconf 74' lang='lat' dir='ltr'>Gregorius</span> <span class='ocrx_word' id='word_1_389' title='bbox 1177 4201 1257 4252; x_wconf 87' lang='lat' dir='ltr'>multe</span> <span class='ocrx_word' id='word_1_390' title='bbox 1275 4204 1396 4254; x_wconf 77' lang='lat' dir='ltr'>comitatu</span> 
     </span>
     <span class='ocr_line' id='line_1_42' title="bbox 254 4281 1395 4350; baseline 0 -15"><span class='ocrx_word' id='word_1_391' title='bbox 254 4284 428 4350; x_wconf 88' lang='lat' dir='ltr'>episcoporum</span> <span class='ocrx_word' id='word_1_392' title='bbox 446 4281 567 4332; x_wconf 85' lang='lat' dir='ltr'>Leodium</span> <span class='ocrx_word' id='word_1_393' title='bbox 592 4282 675 4345; x_wconf 81' lang='lat' dir='ltr'>venit3</span> <span class='ocrx_word' id='word_1_394' title='bbox 703 4283 740 4332; x_wconf 91' lang='lat' dir='ltr'>ibi</span> <span class='ocrx_word' id='word_1_395' title='bbox 826 4297 905 4348; x_wconf 87' lang='lat' dir='ltr'>usque</span> <span class='ocrx_word' id='word_1_396' title='bbox 931 4283 962 4333; x_wconf 88' lang='lat' dir='ltr'>ad</span> <span class='ocrx_word' id='word_1_397' title='bbox 987 4283 1135 4348; x_wconf 84' lang='lat' dir='ltr'>capitolium</span> <span class='ocrx_word' id='word_1_398' title='bbox 1157 4284 1239 4334; x_wconf 85' lang='lat' dir='ltr'>saneti</span> <span class='ocrx_word' id='word_1_399' title='bbox 1267 4284 1395 4335; x_wconf 76' lang='lat' dir='ltr'>humberti</span> 
     </span>
    </p>
   </div>
   <div class='ocr_carea' id='block_1_9' title="bbox 251 4364 636 4429">
    <p class='ocr_par' dir='ltr' id='par_1_12' title="bbox 251 4364 636 4429">
     <span class='ocr_line' id='line_1_43' title="bbox 251 4364 636 4429; baseline -0.008 -12"><span class='ocrx_word' id='word_1_400' title='bbox 251 4366 376 4429; x_wconf 85' lang='lat' dir='ltr'>escendit,</span> <span class='ocrx_word' id='word_1_401' title='bbox 394 4365 496 4416; x_wconf 85' lang='lat' dir='ltr'>missam</span> <span class='ocrx_word' id='word_1_402' title='bbox 515 4364 636 4415; x_wconf 84' lang='lat' dir='ltr'>celebrat.</span> 
     </span>
    </p>
   </div>
   <div class='ocr_carea' id='block_1_10' title="bbox 0 0 1548 5110">
    <p class='ocr_par' dir='ltr' id='par_1_13' title="bbox 0 0 1548 5110">
     <span class='ocr_line' id='line_1_44' title="bbox 0 0 1548 5110; baseline 0 8"><span class='ocrx_word' id='word_1_403' title='bbox 0 0 1548 5110; x_wconf 95' lang='lat' dir='ltr'> </span> 
     </span>
    </p>
   </div>
  </div>
 </body>
</html>
