3086 5110
627 417 846 480 ..13-

250 597 353 677 Usque
380 595 417 655 ad
439 595 588 656 saeculum
620 593 828 656 duodecimum
857 611 969 654 nomen
1002 592 1136 674 Capitolii
1165 592 1304 656 Latinum

164 702 315 758 servatum
338 713 403 754 esse
424 692 503 770 leges
526 693 684 754 nonnullae
714 693 873 754 maximam
901 699 1013 771 partem
1042 692 1227 772 emptionum
1251 694 1305 753 do-

165 800 306 857 cumento
328 800 405 853 sunt.
451 791 581 851 Subinde
598 791 771 852 vocabulum
794 791 893 870 lingua
908 790 1122 868 Frauoogallica
1137 791 1177 852 ita
1193 799 1305 852 mutata

166 901 211 954 est
226 899 260 952 ut
275 891 358 952 [ieret
374 888 522 968 Capdueil,
544 889 673 968 Charopi,
690 889 801 962 Cbatol,
818 889 951 962 Chatoul,
968 889 1103 960 Chatour,
1119 888 1305 969 Chateur17).

253 990 383 1050 Diximus
400 989 436 1049 de
452 987 596 1061 fontibus,
619 988 700 1048 uude
715 989 813 1049 omnis
830 988 989 1068 disputatio
1006 989 1132 1066 petenda
1149 989 1203 1062 sit;
1226 1006 1306 1050 nunc

166 1090 288 1169 agedum
312 1103 581 1148 commemoremus
605 1106 657 1147 eos
681 1087 732 1165 qui
755 1085 790 1146 iis
814 1087 860 1148 usi
883 1096 969 1159 sunt,
998 1094 1031 1147 ut
1061 1087 1181 1148 iudicari
1211 1087 1307 1165 possit
1380 1110 1382 1114 ·

164 1188 233 1267 quid
256 1205 309 1248 nos
338 1185 533 1255 voluerimus,
561 1185 631 1264 quid
660 1185 906 1264 praestiterimus.
952 1187 993 1246 hc
1019 1186 1155 1265 princeps
1185 1185 1305 1265 quidem

166 1286 366 1347 nominandus
381 1283 560 1362 Ducaugius,
584 1283 682 1363 quiin
704 1285 844 1345 thesauro
868 1285 957 1345 medii
979 1283 1041 1344 aeri
1064 1282 1216 1344 latinitatis
1239 1302 1261 1343 s.
1278 1301 1305 1344 v.

163 1383 338 1464 Capitolium
363 1401 503 1458 magnum
527 1381 739 1460 Capitoliorum
768 1401 927 1444 numerum
957 1381 1081 1460 collegit.
1126 1381 1216 1442 Cuius
1244 1382 1306 1442 ool·

163 1482 322 1542 lectionem
345 1482 380 1542 ad
402 1500 466 1542 eam
489 1480 636 1541 rationem
660 1479 773 1558 erigere
788 1499 850 1541 non
866 1481 1009 1542 debemus
1025 1499 1100 1560 quae
1122 1479 1188 1540 iure
1205 1488 1307 1540 nostra

165 1587 261 1641 aetate
283 1581 459 1659 postulatur,
483 1580 593 1659 quippe
609 1579 660 1658 qui
676 1579 705 1639 in
722 1579 907 1658 pensitandis
931 1580 1109 1658 scriptorum
1125 1577 1305 1640 testimoniis

164 1696 223 1739 non
240 1699 274 1740 ea
289 1698 363 1758 quae
379 1697 454 1758 opus
470 1686 514 1738 est
531 1678 667 1739 cautione
684 1685 791 1740 utatur.
837 1678 921 1751 Quod
944 1679 1034 1758 igitur
1054 1677 1183 1756 peccavit
1206 1695 1305 1756 saepe,

164 1796 224 1839 non
239 1778 295 1858 ipsi
311 1779 364 1838 sed
380 1777 467 1838 aetati
483 1777 553 1838 vitio
569 1777 738 1838 vertendem
751 1777 798 1837 sit.
834 1777 924 1838 Cuius
941 1777 1113 1838 relationem
1130 1793 1198 1836 oum
1212 1775 1306 1836 Brau-

165 1877 232 1937 nius
245 1875 402 1937 maximam
415 1885 529 1954 partem
542 1876 624 1936 nullo
636 1875 743 1936 iudicio
758 1875 889 1936 adhibito
906 1875 1103 1953 exscripserit,
1119 1875 1183 1935 eius
1198 1873 1305 1934 librum

164 1974 248 2035 nihili
264 1993 330 2035 esse
352 1983 595 2036 consentaneum.
640 1974 667 2035 ls
691 1975 770 2035 enim
786 1991 864 2035 anuo
890 1973 971 2034 1849
987 1990 1174 2052 programma
1198 1971 1306 2043 emisit,

165 2073 213 2133 cui
223 2073 389 2152 inscripsit:
403 2072 625 2152 „lliellapitole
639 2073 991 2152 lliuladungsprogramm
1000 2091 1034 2131 zu
1044 2071 1151 2132 derum
1160 2070 1306 2131 Geburts·

99 2231 100 2235 ,
163 2178 227 2251 tage
250 2171 491 2232 Winchelmanns
514 2172 747 2233 stattlindenden
764 2171 1111 2247 Generalvcrsammluug
1135 2188 1192 2242 ron
1209 2170 1305 2230 Alter·-

163 2270 393 2331 tumslreundeu
416 2270 455 2330 im
478 2270 691 2331 Rbeinlande.“
737 2271 794 2343 Qui
811 2290 878 2332 curn
902 2270 1048 2349 permulta
1065 2289 1139 2350 quae
1161 2270 1246 2330 docet
1268 2287 1307 2328 ne

164 2367 229 2447 ipsc
252 2368 371 2448 quidem
393 2369 563 2448 perlegerit,
592 2369 625 2428 fit
647 2378 680 2430 ut
701 2369 774 2430 liber
798 2369 948 2430 erroribus
970 2369 1180 2432 refertissimus
1211 2368 1249 2428 sit
1258 2366 1306 2446 1²³).

163 2575 314 2642 templorum
326 2577 357 2626 ad
370 2592 441 2626 osum
453 2576 581 2642 publicum
600 2575 795 2626 vindicarentur
813 2573 855 2640 (cl.
869 2577 922 2626 cod.
936 2575 1030 2627 Theod.
1045 2575 1105 2629 XVI
1119 2577 1159 2640 10,
1173 2578 1225 2643 19),
1243 2590 1306 2642 quac

164 2659 206 2707 lex
224 2674 289 2708 auno
307 2658 357 2708 435
382 2657 559 2708 aTheodosio
585 2665 611 2707 et
629 2657 811 2708 Valentiniano
835 2657 873 2708 ita
895 2658 1068 2720 redintegrata
1093 2665 1178 2708 estut
1197 2672 1306 2723 eaquae

140 2743 142 2746 ’
163 2747 326 2805 superessent
345 2739 438 2804 templa
456 2741 555 2789 destrui
574 2746 600 2788 et
618 2739 690 2802 siguo
703 2739 800 2789 Christi
813 2740 935 2804 erigendo
950 2739 1049 2804 expiari
1063 2740 1187 2802 iuberent,
1206 2738 1237 2789 el.
1251 2739 1306 2790 cod.

163 2821 256 2872 Theod.
270 2819 331 2873 XVl
346 2821 387 2885 lu,
406 2821 447 2870 25.
491 2821 575 2872 Verbo
595 2821 676 2884 igitur
694 2829 811 2870 monetur
829 2827 856 2869 ut
869 2821 960 2885 templa
974 2821 1000 2870 iu
1013 2837 1084 2870 usum
1102 2822 1237 2886 publicum,
1258 2837 1307 2870 nou

163 2903 189 2952 in
208 2903 332 2952 ecclesias
357 2909 555 2963 convertantur3
584 2917 655 2966 quam
678 2902 709 2950 ob
733 2917 786 2952 rem
809 2903 830 2954 si
855 2902 979 2952 ecclesias
1003 2901 1029 2950 in
1052 2901 1222 2954 fundamentis
1244 2911 1307 2953 tem-

140 3005 144 3016 ·
163 2983 263 3050 plorum
282 2997 339 3033 csse
357 2983 522 3048 reperiemus,
541 2997 584 3032 eas
602 2983 633 3032 ad
652 2997 726 3032 onam
745 2998 830 3032 omues
843 2990 902 3034 aute
917 2984 1030 3048 quintum
1044 2983 1086 3033 vel
1099 2992 1198 3034 sextum
1212 2999 1234 3050 p.
1247 2984 1305 3034 Chr.

162 3065 291 3116 saeculum
314 3081 363 3114 nou
381 3063 526 3114 aedificatus
550 3079 605 3113 esse
624 3063 812 3114 arbitrabimur.
857 3065 895 3114 Ad
915 3073 1029 3116 nostram
1050 3065 1223 3130 quaestionem
1243 3065 1307 3131 qued

163 3149 255 3198 attinet
277 3145 431 3212 Capitolium
453 3145 666 3208 Carthaginiense
689 3153 747 3212 post
771 3161 862 3196 anunm
887 3147 936 3198 408
962 3163 1006 3212 pro
1029 3148 1133 3198 aerario
1159 3148 1307 3213 provinciae

162 3228 265 3280 Africae
289 3227 370 3278 luisse
394 3229 495 3278 scimus.
531 3226 558 3276 lu
577 3228 705 3293 Capitolio
724 3228 1008 3294 Constantinopolitano
1027 3230 1099 3292 siguo
1119 3228 1224 3291 Christi,
1241 3229 1307 3294 quod

163 3325 228 3359 auno
247 3325 270 3374 p.
289 3310 347 3359 Cbr.
364 3309 414 3359 408
437 3317 523 3360 terrae
547 3317 617 3359 motu
641 3309 765 3359 decidisse
784 3310 902 3372 traditur,
921 3311 1024 3377 expiato
1045 3311 1189 3376 philosophi
1207 3311 1307 3360 scholas

162 3389 283 3440 habuere.
319 3389 475 3440 Vesontioue
495 3399 520 3441 et
538 3389 649 3442 Tolosae
668 3391 822 3441 Christianis
846 3392 958 3442 ecclesia
979 3407 1027 3440 oon
1050 3399 1107 3443 erat
1124 3391 1150 3440 iu
1171 3391 1307 3458 Capitolio,

161 3471 206 3522 sed
226 3487 302 3537 prope
321 3471 488 3536 Capitolium,
511 3473 621 3538 nequid
644 3473 725 3523 dicam
747 3473 778 3524 de
800 3473 925 3542 Capitolio
945 3473 1064 3538 llomauo,
1088 3470 1154 3539 quod
1176 3487 1313 3537 numquam

160 3554 271 3604 ecclesia
289 3551 391 3604 factum.

228 3637 259 3699 Π)
283 3651 304 3686 o.
318 3653 341 3701 g.
356 3636 432 3687 Narb.
446 3637 596 3702 provinciae
613 3643 701 3702 poeta,
721 3637 764 3702 qui
782 3637 851 3687 vixit
869 3637 915 3687 sub
932 3637 1006 3687 linem
1024 3639 1122 3688 saeculi
1140 3635 1200 3702 ΧΠ,
1219 3651 1308 3686 nomen

161 3715 213 3768 lert
230 3717 297 3768 Pout
315 3719 346 3767 de
366 3717 498 3784 Capdueil;
518 3717 549 3768 ci.
561 3719 672 3769 histoire
690 3715 810 3782 ge'udrale
828 3718 859 3769 dc
872 3719 1024 3782 Languedoc
1042 3736 1089 3786 par
1101 3721 1171 3770 Dour.
1187 3719 1215 3784 Q.
1228 3719 1308 3770 llario

161 3806 187 3849 et
205 3800 276 3850 Doro.
296 3800 318 3850 J.
333 3798 453 3851 Vaiseete
471 3807 531 3850 tour.
550 3798 585 3853 Vl
603 3817 626 3866 p.
648 3801 704 3851 165.
741 3800 833 3852 Cetera
846 3802 884 3852 vd.
903 3801 971 3853 iufra
983 3802 1037 3852 sub.
1056 3819 1081 3855 v.
1099 3801 1185 3854 Narbo
1197 3801 1307 3852 Martius

162 3887 189 3929 et
205 3881 337 3932 Vesontio.

229 3962 261 4028 ¹⁸)
287 3963 326 4015 Ne
348 3963 404 4030 quis
427 3979 466 4014 me
494 3963 608 4030 cupidius
638 3964 664 4014 ia
694 3964 767 4014 illum
795 3964 883 4016 invehi
911 3973 996 4032 putet,
1024 3981 1139 4017 errorum
1165 3965 1307 4032 exemplum

161 4043 233 4094 addo.
263 4043 335 4108 Quod
353 4045 447 4096 scribit
464 4046 608 4109 Ducaugius
626 4046 644 4096 l.
663 4046 682 4096 l.
701 4051 792 4109 „eraut
809 4047 924 4097 coloniae
943 4048 1016 4113 qnasi
1034 4046 1132 4112 efligies
1150 4063 1245 4114 parvae
1262 4063 1308 4114 po-

160 4124 216 4191 puli
228 4124 333 4176 Romani
352 4141 430 4192 eoque
442 4127 500 4177 iure
516 4127 642 4177 habebant
657 4128 758 4177 theatra
771 4126 882 4178 thermas
896 4128 1051 4194 Capitolia“‚
1064 4129 1091 4180 id
1110 4129 1232 4193 religiose
1246 4143 1307 4182 suae

160 4205 338 4257 dissertationi
350 4208 418 4274 (pag.
432 4209 457 4270 3)
470 4208 594 4258 brennius
608 4209 732 4270 inseruit;
750 4216 870 4275 attamen,
884 4210 908 4259 si
922 4209 1033 4260 Gellium
1046 4211 1196 4273 evolvisset,
1215 4212 1306 4262 ultima

159 4289 239 4342 verba
258 4289 372 4340 scribere
390 4307 439 4340 uon
458 4291 546 4356 potuit.
575 4288 675 4340 Gellius
695 4291 761 4341 euim
780 4292 845 4357 quod
858 4291 1002 4356 Ducaugius
1019 4293 1098 4344 tradit
1109 4295 1133 4344 si
1148 4293 1307 4359 scripsisset,

159 4371 308 4436 gravissimi
334 4372 444 4424 numinis
470 4373 618 4424 haberemus
645 4381 820 4434 argumentum
846 4375 1004 4440 quaestionis
1032 4381 1135 4425 nostrae
1159 4373 1305 4426 solvendae.

159 4454 277 4506 Ceterum
296 4454 386 4521 quibus
404 4455 543 4522 complevit
555 4455 618 4506 libri
630 4455 671 4506 sui
683 4456 788 4522 paginas
800 4454 909 4520 triginta
921 4457 983 4506 deae
995 4463 1097 4523 praeter
1109 4469 1183 4522 pagg.
1198 4451 1311 4507 12-22.
