3114 5110
330 477 477 552 Quoniam
506 476 565 539 dixi
589 476 625 538 de
648 477 779 539 nummis
802 495 882 540 nunc
904 497 1002 542 sermo
1025 479 1076 542 liat
1103 477 1141 540 dc
1169 495 1270 538 rerum
1298 477 1394 558 scrip-

245 577 373 650 toribus;
400 575 508 656 quibus
532 584 607 654 quot
631 575 792 638 debeamus
816 578 1026 658 Capitoliorum
1050 577 1208 640 relationes
1231 586 1393 657 antequam

244 695 400 758 exponam,
424 675 494 754 quid
517 675 693 738 vocabulum
714 676 849 756 Capitolii
873 677 1020 756 significet
1041 677 1142 757 paucis
1165 693 1309 756 quaerere
1331 695 1393 738 non

243 793 499 858 supervacaneum
523 793 589 836 esse
611 775 754 838 videatur.
797 776 850 836 Est
873 776 952 838 anim
976 794 1087 838 nomen
1111 775 1219 838 montis
1237 775 1394 855 Capitolini

244 877 286 937 ita
301 875 465 936 formatum
482 883 515 936 ut
538 894 562 935 e.
576 893 602 953 g.
625 874 735 936 montis
759 873 884 936 Palatini
900 875 1045 955 Esquilini
1061 874 1231 951 Aventiui⁴)
1253 874 1394 956 idemque

241 975 289 1035 ille
312 973 401 1034 traxit
423 993 458 1034 ex
480 973 591 1054 templo
615 973 691 1034 Iovis
714 973 835 1036 lunonis
858 974 1023 1048 Minervae,
1051 975 1130 1054 quod
1154 991 1212 1036 uua
1236 993 1304 1036 cum
1326 993 1394 1036 area

242 1074 338 1135 muris
367 1073 561 1135 circumclusa
588 1073 777 1152 singulariter
805 1073 939 1154 Capitolii
968 1075 1090 1137 nomine
1118 1082 1259 1136 ornatum
1289 1074 1393 1153 erait).

242 1172 328 1244 Quod
345 1191 413 1234 cum
430 1171 466 1233 ab
484 1191 550 1234 arce
565 1173 605 1235 ita
621 1173 737 1234 dilleret
752 1180 786 1234 01
802 1173 1025 1236 meridionalem
1042 1175 1114 1236 haec
1129 1173 1393 1253 septentrionalem

243 1269 355 1332 montis
364 1278 478 1350 partem
492 1279 650 1351 occuparet
661 1272 789 1352 posteris
796 1272 981 1352 temporibus
991 1272 1112 1334 nomine
1120 1273 1195 1334 arcis
1207 1291 1243 1332 ex
1251 1272 1394 1333 memoria

244 1378 439 1432 evanescente
462 1370 599 1450 Capitolii
614 1389 670 1431 vox
693 1379 844 1452 tamquam
868 1390 935 1450 pars
958 1373 1058 1451 potior
1080 1372 1115 1432 ad
1138 1379 1235 1432 totum
1260 1379 1394 1432 montem

247 1469 473 1548 significandum
498 1487 631 1529 ererum
648 1469 842 1550 scriptoribus
860 1476 1000 1549 usurpata
1023 1479 1074 1530 est.
1122 1469 1222 1548 Neque
1237 1489 1306 1530 vero
1324 1470 1396 1549 quin

245 1568 317 1628 illud
339 1566 517 1628 vocabulum
541 1585 610 1628 vere
633 1567 769 1629 Latinum
794 1568 833 1629 sit
856 1567 1000 1628 dubitatio
1024 1587 1089 1629 csse
1110 1567 1250 1647 potasti).

331 1665 383 1727 1110
410 1665 502 1745 igitur
536 1667 697 1745 propositis
733 1667 944 1746 Capitoliorum
980 1667 1202 1746 provincialium
1236 1667 1396 1729 relationes

245 1785 313 1828 cum
336 1766 372 1826 ad
395 1783 486 1826 unam
519 1782 621 1825 omnes
651 1765 799 1844 pendeant
829 1785 844 1825 a
873 1765 1067 1844 scriptoribus
1097 1773 1268 1844 argenteae,
1295 1773 1328 1826 ut
1354 1767 1396 1828 ita

246 1865 359 1936 dicam,
389 1863 558 1936 latinitatis,
594 1881 650 1942 qua
679 1863 796 1924 ratione
819 1863 859 1924 illi
881 1863 1022 1924 vocabulo
1046 1863 1091 1924 osi
1115 1865 1175 1924 sint
1198 1865 1324 1943 agedum
1347 1865 1397 1926 in-

246 1963 406 2044 quiramus.
451 1962 494 2024 Ac
515 1962 644 2042 primum
669 1963 790 2042 quidem
813 1962 977 2024 tenendum
1003 1981 1097 2040 usque
1120 1963 1155 2024 ad
1172 1962 1395 2024 Antoninorum

246 2064 308 2124 fare
337 2069 473 2140 tempora
501 2061 578 2140 apud
607 2079 710 2122 rerum
734 2061 893 2140 scriptores
918 2059 1053 2138 Capitolii
1075 2060 1198 2120 nomine
1220 2060 1294 2122 nibil
1317 2062 1397 2123 aliud

249 2161 308 2222 nisi
330 2161 474 2240 templum
498 2159 575 2220 lovis
590 2159 712 2221 lunonis
736 2159 883 2220 Minervae
906 2157 1075 2237 significari.
1113 2161 1150 2218 At
1165 2160 1221 2220 sub
1238 2169 1396 2221 exeuntem

248 2259 455 2338 antiquitatem
479 2276 546 2319 cum
570 2259 694 2320 deorum
718 2259 951 2338 Capitolinorum
975 2259 1072 2318 cultus
1095 2275 1149 2336 per
1171 2266 1267 2318 totum
1291 2259 1397 2320 orbem

249 2359 417 2418 Romanum
453 2356 662 2418 disseminatus
696 2365 776 2418 tanta
804 2358 979 2418 auctoritate
1008 2363 1037 2416 et
1065 2356 1179 2417 honore
1209 2365 1340 2418 uteretur
1363 2367 1400 2420 ut

249 2457 381 2536 luppiter
407 2456 589 2536 Capitolinus
611 2455 684 2517 κατ’
708 2453 822 2538 ἐξοχὴν
845 2456 942 2518 010010
965 2455 1115 2534 religionis
1138 2457 1288 2516 Romanae
1312 2476 1398 2518 sum-

320 2713 386 2764 1011
400 2713 539 2780 Capitolini
558 2729 614 2764 cum
634 2727 663 2762 ea
681 2719 767 2764 aetate
785 2711 971 2777 Aphrodisiade
985 2719 1010 2762 et
1022 2712 1152 2780 Heliopoli
1166 2721 1283 2776 aguntur,
1296 2730 1344 2762 uon
1358 2723 1401 2766 est

250 2796 412 2860 cogitandum
437 2795 467 2844 de
490 2794 545 2844 illis
570 2795 612 2861 qui
638 2794 779 2860 antiquitus
804 2792 896 2844 Romae
920 2793 947 2842 iu
972 2794 1098 2860 Capitolio
1122 2794 1179 2844 lieri
1205 2794 1322 2845 solebant
1344 2796 1399 2857 (vd.

213 2899 215 2903 ·
250 2879 362 2931 Preller.
380 2878 460 2944 myth.
478 2876 526 2928 R.³
544 2893 567 2943 0.
581 2876 630 2927 228
641 2878 699 2942 sq).
734 2875 840 2926 Rectius
860 2875 1000 2926 imitationi
1012 2875 1092 2926 luisse
1106 2875 1308 2926 existimabimus
1325 2877 1399 2927 10100

252 2977 315 3028 quos
334 2976 398 3011 0000
424 2978 446 3027 p.
468 2959 525 3011 Chr.
546 2961 578 3012 86
602 2960 763 3011 Domitianus
781 2958 948 3020 institueret,
970 2957 995 3008 in
1021 2958 1111 3023 quibus
1134 2959 1240 3021 agendis
1259 2959 1399 3009 certamina

253 3051 279 3094 et
297 3043 394 3093 musica
413 3051 440 3094 et
458 3043 576 3110 gymnica
596 3044 675 3094 luisse
694 3041 787 3091 scimus
810 3040 860 3102 (vd.
881 3039 1072 3090 Friedlaenderi
1095 3040 1188 3090 librum
1207 3041 1248 3090 cui
1267 3041 1399 3106 inscripsit

252 3124 483 3186 Sittengeschicbte
502 3124 577 3174 Roma
596 3125 648 3176 vol.
661 3121 699 3172 11⁵
718 3123 813 3187 0131,
832 3119 881 3170 111Β
899 3137 923 3186 p.
937 3121 985 3172 3111
997 3122 1053 3186 sq).
1089 3121 1176 3172 Aliter
1194 3137 1221 3172 se
1239 3122 1395 3173 1010011011

252 3219 313 3271 quos
333 3204 358 3252 iu
378 3204 479 3254 colonia
497 3203 563 3254 lulla
581 3203 703 3254 Ganltiva
723 3201 862 3254 Ursoueusi
880 3202 922 3252 lex
941 3203 1056 3252 coloniae
1080 3202 1134 3254 lovi
1156 3201 1246 3254 lunoni
1265 3204 1392 3254 Minervae

254 3285 363 3336 edendos
382 3293 455 3336 curat
467 3285 520 3347 (vd.
535 3301 589 3350 cap.
603 3283 677 3336 LXX
691 3291 716 3334 et
730 3281 814 3333 LXXI
829 3283 854 3332 in
868 3285 962 3348 epbem.
978 3285 1057 3350 epigr.
1068 3285 1117 3336 vol.
1129 3283 1150 3334 11
1162 3301 1185 3336 0.
1201 3285 1277 3338 1877:
1296 3285 1396 3337 duoriri

254 3407 261 3422 .
275 3406 281 3419 .
295 3383 404 3420 ,100000
423 3367 530 3418 ludosve
549 3366 682 3416 scaenicos
702 3364 858 3418 1001100001
872 3365 1005 3416 Minervae
1018 3367 1073 3417 deis
1086 3366 1227 3432 deabusque
1240 3367 1399 3433 quatriduom

253 3451 350 3500 maiore
370 3455 442 3516 parte
462 3448 572 3498 diei...
592 3446 724 3514 laeiuuto).
761 3447 810 3513 Qui
836 3465 891 3499 cum
915 3449 1017 3498 dubium
1043 3463 1091 3496 non
1115 3448 1151 3498 sit
1172 3449 1230 3513 quin
1255 3447 1352 3498 luerint
1374 3455 1401 3498 et

255 3531 366 3584 scaenici
385 3538 412 3581 01
430 3530 568 3592 circenses,
586 3529 619 3580 110
637 3529 758 3579 10110010
778 3530 887 3595 exprimi
901 3530 974 3580 ludos
988 3545 1092 3593 magnos
1105 3530 1130 3578 10
1143 3531 1264 3580 bonorem
1278 3528 1401 3596 Capitolii

254 3613 360 3664 Romani
378 3613 483 3662 deorum
501 3612 636 3662 institutos
655 3611 810 3663 arbitremur
828 3627 933 3662 necesse
952 3619 1000 3662 001.

322 3695 343 3758 ⁴)
363 3693 395 3745 01.
414 3695 516 3744 Jordan.
536 3692 646 3760 Topogr.
665 3692 741 3745 Urbis
760 3693 853 3744 Romae
873 3692 988 3745 00112
1008 3710 1030 3758 p.
1045 3694 1122 3759 tisqq.

323 3776 343 3835 ὕ1
363 3775 394 3827 01.
414 3776 594 3827 Mommsanum
612 3775 677 3824 Bnll.
699 3775 761 3826 inst.
782 3792 804 3825 0.
827 3775 891 3826 1815
910 3792 933 3841 0.
955 3775 1003 3826 121
1013 3791 1049 3842 sq.
1073 3801 1105 3811 -
1128 3775 1264 3825 dardanum
1284 3775 1338 3826 l.1.
1357 3774 1367 3824 l
1389 3778 1400 3826 1

256 3877 279 3927 p.
298 3857 387 3910 26211
406 3859 464 3908 196.

325 3940 344 4000 ⁶)
364 3939 482 3990 Corssen.
501 3939 567 3989 libro
587 3941 626 3989 cui
647 3940 793 4006 inscripsit:
813 3939 947 3991 ltritiscbe
959 3939 1105 4004 Nachtrdge
1123 3957 1169 3990 zur
1181 3940 1269 3990 101010.
1282 3941 1403 3992 Formen-

256 4023 329 4074 lehre
348 4038 371 4087 p.
389 4022 439 4072 216
457 4021 494 4072 110
514 4022 544 4070 10
562 4022 634 4072 vocis
658 4022 758 4084 origiue
783 4022 901 4073 disserit:
931 4021 1086 4087 Capitolium
1113 4023 1149 4072 ist
1176 4022 1329 4072 0010100100
1355 4037 1403 4072 000

257 4103 458 4170 Cupit-al-iu-m,
477 4103 609 4153 10101000
629 4104 677 4154 100
696 4103 790 4154 Stamm
809 4103 941 4168 capit-uli·
960 4104 1004 4153 das
1024 4101 1105 4153 Sullix
1124 4104 1164 4152 ·io
1183 4109 1237 4154 trat
1254 4105 1304 4152 001
1323 4104 1367 4152 100
1388 4119 1403 4152 0

256 4201 289 4235 zu
307 4202 321 4234 o
340 4185 395 4235 sich
417 4183 585 4235 verdunlrelte
604 4184 796 4248 0101001000,
816 4185 955 4248 iguo-sco,
974 4184 1076 4248 iguo-ro
1090 4185 1300 4247 00100001-000,
1318 4185 1404 4246 1501-

258 4281 309 4330 rus,
334 4265 515 4330 gni-rigare,
539 4266 618 4329 10160,
642 4267 797 4330 socer-do-s,
823 4267 939 4316 dai-num
963 4266 1042 4316 neben
1066 4267 1104 4316 da‘r.
1140 4265 1280 4316 Praeterea
1307 4265 1348 4316 adi
1372 4265 1402 4316 11.

257 4344 395 4399 Jordanom
415 4349 440 4398 10
459 4347 566 4398 llermae
586 4349 636 4398 vol.
654 4345 688 4398 lV
708 4363 730 4414 0.
745 4348 793 4398 216
813 4354 839 4398 01
857 4347 967 4414 Topogr·.
987 4347 1015 4399 U.
1036 4347 1063 4398 ll.
1083 4346 1092 4396 l
1113 4347 1134 4409 1,
1155 4348 1203 4398 180
1221 4347 1278 4398 adu.
1298 4347 1338 4398 16.
