3086 5110
712 361 933 424 ..12-

252 540 444 603 relationibus
474 538 616 618 exemplis
643 557 706 600 rem
730 539 799 600 item
823 557 855 600 55
879 537 986 600 babere
1009 539 1034 600 si
1061 556 1121 600 non
1145 545 1258 601 certum
1281 545 1312 599 at
1335 539 1399 600 veri

253 641 350 702 simile
373 658 437 700 esse
461 639 633 720 putaverim.

338 739 462 799 Exstant
485 748 583 799 autem
607 745 723 817 praeter
746 755 778 798 ea
803 753 877 815 quae
901 737 989 798 modo
1014 737 1073 798 dixi
1088 743 1220 798 actorum
1238 736 1290 797 SS.
1307 737 1396 798 testi-

253 837 364 900 moniis
413 834 552 915 Capitolia
604 835 714 895 Nolae
763 834 926 896 Abellini
960 835 1159 895 Ravennae
1203 835 1398 914 Aquileiae

253 936 401 998 Brixiae
423 934 596 995 Nemausi
619 933 742 993 Remis
764 932 938 994 Treveris
956 935 1147 1012 Augustae
1163 932 1397 996 Vindelicum

254 1037 455 1097 Caesareae
477 1034 514 1093 in
538 1032 777 1114 Cappadocia.

339 1135 398 1194 lam
423 1139 558 1210 superest
586 1141 618 1192 ut
641 1131 677 1192 de
701 1132 806 1210 quinto
830 1132 957 1192 fontium
981 1149 1089 1208 genere
1119 1149 1210 1210 pauca
1241 1132 1328 1194 verba
1350 1133 1399 1193 la-

253 1234 375 1294 ciamus.
420 1231 549 1310 Antiqua
573 1230 650 1291 enim
675 1231 817 1306 religione
833 1231 975 1291 exstincta
992 1249 1059 1291 cum
1075 1231 1183 1308 templa
1200 1240 1251 1290 aut
1266 1231 1296 1292 in
1312 1249 1398 1291 com·

253 1350 375 1393 munem
401 1348 487 1390 usum
516 1336 566 1389 aut
592 1329 623 1388 in
653 1329 788 1389 ecclesias
818 1347 957 1389 conversa
987 1337 1097 1401 essent,
1125 1329 1260 1407 Capitolii
1283 1347 1397 1390 nomen

255 1433 329 1493 adeo
352 1431 383 1490 in
405 1430 505 1505 lingua
530 1427 641 1506 vulgari
665 1427 754 1506 viguit
777 1435 806 1488 et
828 1429 863 1487 ad
887 1428 949 1488 loca
973 1427 1091 1505 antiqua
1116 1427 1256 1499 adhaesit,
1280 1436 1398 1488 utnon

254 1531 350 1590 solum
384 1528 473 1589 medii
506 1528 566 1587 aevi
602 1528 786 1606 emptionum
821 1527 1077 1606 sponsionumque
1110 1526 1318 1588 instrumentis
1345 1538 1399 1590 ant

254 1627 409 1688 annalibus
440 1635 691 1686 commemoretur
725 1627 776 1686 sed
812 1626 984 1685 etiamnunc
1016 1625 1052 1685 ad
1087 1625 1223 1685 ecclesias
1255 1627 1397 1704 quasdam

254 1735 370 1787 sanctae
393 1726 500 1786 Maniae
523 1725 727 1806 significandas
755 1725 785 1784 in
815 1743 871 1785 usu
894 1725 941 1785 sit.
986 1724 1095 1784 Romae
1124 1724 1203 1784 enim
1235 1724 1264 1784 S.
1288 1725 1396 1786 Mariae

254 1825 375 1885 ecclesia
399 1843 474 1903 quae
497 1843 578 1884 5555
602 1824 708 1884 5151155
731 1824 760 1882 15
785 1842 834 1884 555
858 1823 927 1883 caeli
940 1822 1008 1883 inde
1024 1821 1059 1882 ab
1075 1824 1191 1883 saeculo
1207 1840 1286 1883 nono
1302 1843 1396 1902 usque

254 1925 289 1984 ad
319 1923 466 1984 decimum
495 1924 617 1983 tertium
648 1943 669 1983 s.
699 1922 787 1983 Maria
818 1923 848 1982 in
878 1923 1018 2000 Capitolio
1046 1922 1253 1998 dicebaturss).
1314 1923 1396 1996 Quae

255 2041 434 2102 quamquam
459 2041 520 2082 non
543 2022 599 2082 luit
621 2023 685 2082 loco
710 2021 844 2100 Capitolii
867 2021 917 2081 sed
935 2021 1018 2080 arcis.
1043 2021 1178 2100 Capitolii
1193 2039 1303 2082 nomen
1327 2041 1395 2083 cum

253 2129 334 2182 totus
358 2139 444 2182 mons
467 2140 528 2182 non
551 2139 620 2182 raro
642 2121 681 2180 ita
705 2119 918 2197 significaretur
932 2127 1011 2180 recte
1026 2120 1160 2180 servavit.
1205 2119 1271 2180 Non
1297 2121 1396 2180 minus

253 2219 344 2296 igitur
366 2228 443 2280 certa
471 2219 585 2279 ratione
618 2219 696 2278 idem
728 2219 763 2278 de
792 2217 921 2278 ecclesiis
948 2237 972 2278 5.
996 2217 1101 2278 Μ55155
1130 2236 1205 2297 quae
1234 2228 1306 2280 sunt
1328 2219 1396 2280 Flo·

253 2317 365 2378 rentiae
389 2326 419 2378 51
441 2317 579 2378 Coloniae
601 2316 751 2396 Agrippin.
776 2325 950 2376 statuemus.
997 2316 1069 2376 Cum
1095 2317 1175 2376 enim
1203 2319 1282 2397 quod
1306 2319 1395 2380 sciam

253 2415 323 2476 inde
354 2434 369 2475 a
398 2415 514 2475 saeculo
538 2414 697 2475 undecimo
721 2414 871 2495 usquead
895 2415 974 2474 bunc
996 2413 1074 2474 diem
1099 2433 1262 2493 cognomen
1287 2417 1318 2476 in
1341 2417 1395 2478 Ca-

255 2514 358 2594 pitolio
382 2531 451 2591 prae
474 2531 505 2572 sc
528 2515 631 2582 lerant,
654 2515 750 2572 farere
774 2530 833 2572 non
851 2531 1009 2590 possumus
1025 2513 1096 2591 quin
1114 2531 1223 2574 nomen
1241 2515 1396 2594 antiquum

256 2611 382 2690 viguisse
407 2629 505 2690 neque
537 2631 571 2671 eo
594 2612 657 2690 ipso
680 2621 815 2690 tempore
836 2611 914 2671 illam
946 2611 1189 2689 significationem
1213 2623 1308 2674 ortam
1332 2633 1397 2676 esse

256 2710 468 2770 existimemus.
513 2709 615 2787 Neque
644 2709 734 2782 enim,
762 2711 840 2788 quod
871 2719 939 2770 ante
966 2710 996 2770 id
1025 2718 1143 2788 tempus
1171 2729 1231 2771 non
1254 2713 1395 2774 babemus

255 2809 341 2869 istius
366 2809 444 2868 modi
468 2808 647 2880 testimonia,
670 2808 741 2868 illud
765 2827 929 2886 cognomen
946 2809 1009 2868 eius
1025 2809 1086 2869 aevi
1102 2829 1117 2869 a
1134 2811 1286 2871 monacbis
1302 2813 1396 2873 doctis

255 2909 411 2969 inventum
434 2927 499 2968 esse
523 2927 581 2987 quo
605 2908 745 2969 maiorem
763 2909 965 2969 auctoritatem
983 2907 1113 2968 ecclesiis
1134 2907 1300 2971 tribuerent
1316 2920 1394 2972 certo

256 3007 411 3086 quisquam
435 3005 654 3085 probaveritlssl.

324 3179 354 3239 ¹⁵)
375 3179 414 3229 vd.
434 3179 462 3228 ll.
483 3179 587 3228 Jordan.
603 3178 712 3244 ’155555Ι
731 3177 800 3228 Rom.
819 3177 918 3239 55111,
938 3194 960 3244 p.
980 3179 1042 3243 3663
1063 3179 1069 3229 Ι
1085 3180 1109 3242 2,
1128 3195 1150 3246 p.
1172 3180 1220 3230 112
1233 3209 1265 3216 -
1278 3196 1299 3232 5.
1313 3197 1336 3245 g.
1355 3183 1396 3234 bic

255 3263 333 3312 affero
352 3263 464 3311 chartam
483 3262 541 3310 anni
563 3261 672 3318 1152s53
691 3261 755 3326 apud
768 3261 896 3309 Pertzinm
916 3260 981 3309 Mon.
996 3260 1051 3314 Vlll
1070 3277 1091 3326 p.
1107 3263 1164 3324 501,
1179 3264 1205 3311 5:
1225 3261 1334 3314 loannes
1346 3263 1396 3314 Ro-

255 3360 343 3394 manus
356 3344 398 3409 qui
411 3342 497 3392 luerat
509 3343 644 3392 monachus
655 3380 660 3391 .
672 3378 694 3390 ..
709 3349 735 3391 51
748 3349 805 3406 5551
817 3341 894 3390 abbas
907 3350 994 3391 sancte
1007 3341 1089 3392 Mario
1102 3344 1128 3392 in
1141 3342 1267 3408 Capitolio
1278 3343 1394 3396 Romano.

323 3425 356 3487 ¹⁶)
383 3423 487 3473 Maximi
511 3431 581 3472 esset
604 3423 736 3484 momenti,
764 3423 786 3471 si
810 3423 866 3487 quis
885 3423 1030 3474 accuratius
1048 3439 1110 3489 quae
1128 3439 1176 3489 qna
1194 3432 1278 3475 aetate
1296 3427 1396 3492 antiqua

255 3507 347 3572 templa
361 3506 385 3554 in
400 3505 523 3556 ecclesias
536 3511 750 3554 converterentur
764 3504 948 3568 quaesivissem
967 3520 1148 3571 saepenumero
1161 3507 1227 3556 enim
1241 3509 1396 3558 occurrimus

255 3589 289 3640 iis
308 3588 350 3652 qui
368 3604 416 3636 uno
435 3595 559 3652 tamquam
578 3587 633 3635 ictu
650 3585 799 3648 religionem
824 3585 951 3652 antiquam
970 3587 1096 3636 sublatam
1115 3588 1257 3653 temploque
1276 3589 1396 3640 ccclesias

254 3668 322 3720 15515
341 3684 398 3720 5555
416 3675 544 3718 censeant.
581 3666 652 3730 Quod
671 3667 729 3716 inde
748 3683 763 3716 a
781 3667 883 3718 saeculo
903 3674 976 3717 sexto
996 3667 1053 3719 lieri
1071 3669 1176 3718 soliturn
1194 3671 1320 3736 concedo,
1338 3677 1395 3722 5515

255 3751 320 3800 11155
344 3757 442 3813 tempus
461 3748 562 3813 5555155
586 3746 681 3797 facturn
700 3763 770 3812 nego.
816 3747 915 3799 Primae
934 3749 1031 3814 quidem
1051 3751 1176 3800 ecclesiae
1194 3751 1260 3801 baud
1279 3753 1352 3803 dubie
1370 3753 1395 3802 15

255 3829 423 3881 fundamentis
436 3830 586 3894 templorum
598 3845 646 3878 non
657 3829 813 3881 constitutae
824 3838 890 3880 5551.
911 3829 1063 3896 Quamquam
1073 3831 1139 3882 enim
1150 3833 1242 3896 religio
1254 3833 1396 3885 Christiana

254 3913 354 3978 publicu
374 3910 441 3962 15515
461 3918 517 3960 5551
542 3911 599 3960 1555
624 3926 637 3960 a
657 3911 823 3962 Constantino
847 3919 976 3976 regnante,
999 3920 1083 3964 tamen
1105 3929 1184 3980 usque
1208 3913 1238 3964 ad
1260 3913 1395 3966 Theodosii

254 3995 337 4058 magui
356 4000 474 4055 aetatem,
492 3992 510 4040 i.
523 4007 544 4042 e.
558 3993 587 4043 55
606 4009 629 4042 5.
643 3993 692 4042 319
711 3995 813 4059 antiqua
831 3995 923 4060 templa
942 3995 998 4059 5155
1019 3995 1101 4045 minus
1117 4003 1221 4048 servata
1234 4005 1301 4048 sunt.
1329 3997 1394 4062 Quae

254 4076 335 4142 prima
359 4073 541 4124 claudebantur
563 4075 656 4140 templa
683 4075 709 4124 in
733 4076 833 4127 oriente
860 4076 953 4141 partim
981 4083 1085 4142 propter
1108 4077 1192 4128 cultus
1218 4079 1395 4144 turpitudinen

255 4157 355 4207 sublata
388 4155 479 4221 partim
511 4171 525 4204 a
556 4155 709 4206 Christianis
743 4157 873 4208 destructa
905 4165 973 4208 sunt.
1017 4159 1077 4208 Cum
1100 4166 1183 4209 autem
1211 4162 1303 4226 templa
1327 4161 1394 4210 55155

255 4246 281 4288 51
307 4236 454 4288 5555115555
480 4238 570 4302 pagani
593 4244 756 4302 vetarentur,
781 4239 955 4304 templaipsa
984 4254 1014 4287 ne
1038 4239 1187 4290 delerentur
1213 4242 1324 4292 decretis
1350 4243 1392 4292 inr-

254 4326 401 4386 peratornm
418 4319 557 4370 identidem
577 4327 677 4371 cautum
696 4328 743 4384 551,
762 4319 793 4372 51.
813 4321 867 4371 555.
887 4319 983 4370 Thood.
1003 4319 1065 4371 XVI
1086 4322 1124 4385 10,
1146 4325 1192 4385 153
1214 4324 1251 4374 18.
1282 4325 1355 4374 Anno
1373 4341 1394 4390 p.

255 4399 315 4452 Chr.
332 4401 381 4450 tos
405 4401 530 4452 Arcadius
552 4403 679 4454 llcnorius
706 4403 864 4454 Theodosius
890 4402 946 4466 lege
974 4411 1116 4455 sanxerunt
1141 4411 1170 4455 nt
1195 4406 1312 4456 aedilicia
1339 4407 1392 4473 ipsa
