3114 5110
744 337 964 401 ..60-

284 511 427 592 rontm).
472 511 563 572 Cuius
585 510 714 572 coloniae
736 511 766 572 in
789 511 930 580 nummis.
953 511 1003 590 qui
1025 512 1095 573 inde
1115 513 1151 573 ab
1167 513 1316 574 Hadriano
1333 533 1442 593 nsque

232 639 234 642 ·
284 611 482 672 llostilianom
510 615 591 680 suut,
620 609 762 688 templum
786 609 984 688 Capitolinum
1014 609 1164 689 depictum
1192 611 1347 673 interdum
1383 631 1442 674 oc-

285 707 450 782 currit²²⁷).

371 902 431 962 lam
454 909 547 963 restat
569 909 602 963 ut
624 901 791 980 exemplum
814 901 891 962 baud
915 902 954 963 ita
977 903 1126 964 sincerum
1141 904 1306 966 afferamus.
1356 907 1439 968 Cae-

285 1019 386 1064 sareae
402 1000 491 1071 enim,
516 1001 597 1079 quod
621 1007 666 1060 est
681 999 878 1080 Cappadociae
902 1000 1055 1080 oppidum,
1078 1001 1251 1080 Capitolium
1274 1004 1332 1064 nisi
1357 1005 1439 1064 actis

285 1117 309 1160 s.
327 1099 420 1175 Sergii
438 1097 630 1178 martyris²²⁸t
655 1115 716 1158 non
739 1107 999 1159 commemoratur.
1044 1097 1083 1160 Ut
1105 1099 1177 1159 nibil
1200 1100 1295 1161 alicam
1317 1102 1356 1161 de
1374 1103 1438 1162 fide

285 1203 314 1256 et
336 1196 505 1256 sinceritate
528 1215 649 1257 eorum:
673 1197 750 1276 quod
775 1215 902 1256 sacrae
925 1197 1007 1256 viae
1028 1197 1068 1258 ibi
1085 1197 1196 1257 mentio
1213 1207 1266 1274 est,
1291 1200 1461 1260 animad-·

284 1295 419 1356 versione
442 1294 562 1372 dignum
587 1294 711 1365 videtur,
733 1294 800 1354 licet
822 1294 922 1372 negari
945 1311 1005 1354 non
1027 1295 1121 1374 possit
1142 1296 1174 1356 in
1196 1296 1259 1374 ipsa
1283 1297 1351 1357 Asia
1378 1298 1436 1359 alia

285 1393 418 1454 locorum
442 1392 524 1454 urbis
547 1393 658 1454 Romae
680 1393 800 1454 nomina
824 1395 861 1467 (e.
877 1411 904 1471 g.
920 1412 945 1453 v.
961 1393 1064 1473 Tusci)
1086 1393 1169 1454 nobis
1193 1413 1342 1458 occurere.

752 1623 786 1684 6.
821 1617 956 1686 Gallia.
1057 1705 1059 1708 Ι

796 1780 911 1836 Narbo.

372 1897 512 1958 Sidonius
534 1875 729 1977 appollinaris
752 1897 831 1958 inter
853 1917 886 1958 ea
909 1915 985 1977 quae
1008 1897 1141 1958 Narboni
1164 1897 1261 1960 decori
1284 1899 1345 1961 sint
1360 1921 1432 1962 mo·

286 2005 428 2057 numenta
463 1995 636 2087 Capitolium
676 2015 794 2076 qnoque
827 1995 1110 2075 commemorat²¹⁹).
1168 1997 1317 2058 Ausonius
1360 2018 1432 2061 oum

354 2185 400 2250 ²¹⁶)
418 2185 500 2237 liuba.
519 2186 536 2236 l.
555 2202 576 2235 e.
595 2203 618 2252 p.
632 2185 691 2236 358.

298 2302 300 2306 ¹
354 2281 397 2342 227)
417 2297 437 2330 e.
457 2296 479 2342 g.
499 2280 525 2330 in
544 2295 641 2330 nummo
661 2279 784 2330 Hadriani
801 2295 840 2345 ap.
859 2279 966 2330 Miooet.
978 2279 1002 2330 V
1015 2279 1064 2329 516
1083 2296 1107 2330 n.
1125 2279 1140 2329 2
1159 2281 1201 2343 (=
1214 2281 1336 2332 Vaillant.
1356 2282 1430 2334 1153

286 2385 320 2404 --
331 2362 429 2412 llckbel
448 2362 477 2412 D.
490 2362 520 2413 N.
534 2361 638 2424 111443)
657 2361 784 2426 depictum
797 2367 837 2412 est
855 2363 974 2426 templum
992 2361 1121 2428 distylum,
1140 2363 1167 2412 io
1184 2379 1232 2428 qno
1250 2371 1304 2414 tres
1322 2364 1430 2428 ligneae,

286 2460 346 2511 quas
360 2443 444 2494 lovem
457 2442 626 2508 Capitolinum
638 2441 781 2492 Minervam
795 2441 902 2494 Genium
915 2442 987 2492 urbis
1005 2458 1062 2493 esse
1076 2443 1231 2494 Vaillantius
1244 2451 1271 2494 et
1288 2445 1430 2498 lllionetius

284 2527 431 2592 probarunt.
469 2523 572 2574 Rectius
590 2531 673 2574 autem
692 2539 747 2572 enm
769 2523 892 2572 Eolhelio
914 2523 1019 2587 liguram
1038 2523 1170 2573 sinistram
1193 2540 1241 2572 non
1263 2525 1366 2588 genium
1385 2529 1431 2578 sed

284 2607 404 2657 lunonem
423 2620 479 2655 esse
498 2604 674 2665 iudicabimus,
700 2620 755 2654 eum
777 2605 865 2654 bastae
884 2605 911 2653 in
933 2605 1046 2655 manibus
1064 2605 1194 2666 geniorum
1215 2621 1275 2655 raro
1294 2607 1430 2658 invenian-

284 2696 335 2738 tur.
371 2688 443 2736 anuo
463 2701 585 2735 nummum
605 2685 808 2749 Diadumeoiani,
827 2685 852 2734 io
867 2701 914 2750 qno
927 2685 1017 2737 videre
1030 2685 1093 2735 lieet
1107 2686 1225 2750 templum
1237 2689 1429 2756 testrastylum,

285 2771 312 2820 in
330 2785 377 2834 quo
396 2767 509 2834 luppiter
528 2768 617 2818 sedens
636 2767 703 2816 inter
721 2768 783 2816 duas
801 2767 896 2828 figuras
914 2768 1060 2829 muliebres,
1079 2783 1184 2832 quaerum
1203 2769 1311 2819 alteram
1331 2768 1429 2820 Miner-

235 2893 236 2898 ,
285 2867 341 2902 vam
359 2851 494 2913 galeatam,
512 2849 620 2900 alteram
638 2847 756 2898 lunonem
771 2863 828 2899 esse
840 2847 967 2910 arbitror3
987 2849 1065 2899 aliter
1075 2849 1174 2913 quidem
1186 2848 1292 2900 Mionet.
1305 2850 1328 2901 V
1341 2867 1364 2916 p.
1378 2851 1428 2900 520

285 2950 308 2983 n.
323 2933 363 2982 25.
399 2931 523 2983 Vaillant.
541 2947 564 2998 p.
584 2930 625 2980 69.
645 2958 678 2966 -

353 3025 396 3086 ¹²⁸)
415 3025 445 3076 Α.
459 3025 502 3075 SS.
516 3041 539 3075 a.
553 3026 576 3074 (1.
589 3023 624 3074 Vl
636 3025 686 3074 kal.
700 3023 776 3074 Mart.
796 3025 885 3086 (mens.
905 3023 978 3073 Febr.
997 3032 1057 3074 toro.
1077 3022 1111 3074 Vl
1126 3040 1149 3090 p.
1163 3024 1212 3075 468
1231 3023 1299 3089 §2):
1320 3025 1427 3089 „Conti-

285 3108 325 3172 git
342 3113 426 3155 autem
445 3107 468 3154 in
488 3106 576 3154 diebus
595 3106 650 3154 illis
670 3093 849 3154 nefandissimo
868 3104 931 3170 lovi,
950 3121 1022 3170 quem
1040 3103 1203 3170 profanorum
1221 3106 1348 3156 idolorum
1366 3123 1427 3170 gen-

284 3188 347 3238 tiles
367 3187 488 3252 putabant
506 3202 563 3236 esse
582 3186 727 3252 principem,
746 3201 827 3235 annua
847 3185 973 3236 sacrificia
997 3185 1054 3236 beri
1078 3186 1103 3236 in
1129 3186 1255 3252 Capitolio
1275 3189 1341 3252 qnod
1359 3187 1426 3236 basi-

284 3270 353 3318 licae
370 3267 496 3334 praesidis
520 3268 629 3317 vicinum
653 3274 724 3318 erat:
747 3267 778 3316 ad
803 3268 867 3333 quod
891 3269 1076 3318 sceleratorum
1097 3269 1188 3317 turbae
1213 3283 1267 3316 eum
1292 3268 1425 3317 immundis

284 3349 378 3400 hostiis
397 3348 589 3398 concurrebant.
625 3347 680 3398 Alii
698 3354 781 3399 autom
798 3363 850 3414 per
868 3349 950 3398 viam
969 3363 1105 3409 sacram,
1125 3349 1260 3398 secondum
1273 3363 1360 3398 eornm
1372 3364 1426 3398 mo-

285 3447 338 3481 rem
357 3430 518 3493 sacrilegum,
537 3444 593 3478 enm
610 3428 676 3478 albis
695 3436 721 3479 et
737 3429 862 3480 laureatis
880 3429 963 3479 tauris
982 3436 1009 3478 at
1025 3444 1115 3491 magua
1128 3429 1308 3493 exsultatione,
1327 3437 1356 3480 ot
1367 3432 1426 3480 dae-

284 3512 378 3562 moniis
396 3511 458 3575 ipsis
476 3511 658 3571 sacrificarent,
677 3512 708 3560 acl
727 3511 808 3575 ipsum
827 3511 980 3576 Capitolium
997 3508 1165 3573 festinabant,
1183 3511 1289 3574 quadam
1302 3526 1425 3562 execran-

285 3595 341 3644 dam
360 3591 528 3643 testivitatem
547 3591 679 3642 simulacri
697 3591 831 3641 vanissimi
850 3591 1038 3642 celebrantes“.

353 3686 398 3753 ²²⁹)
417 3687 499 3738 Caum.
519 3687 564 3737 23:
586 3685 672 3747 Salve,
691 3685 786 3751 Narbo,
805 3692 894 3748 potens
913 3684 1067 3735 salubritate

586 3767 649 3818 urbe
668 3775 693 3818 et
710 3782 771 3817 rure
790 3768 865 3816 simul
885 3767 964 3816 bonus
983 3767 1067 3817 videri

584 3850 664 3899 muris
682 3850 783 3901 civibus
800 3847 896 3898 ambitu
913 3848 1030 3899 tabernis

586 3931 668 3996 portis
687 3921 828 3996 porticibus
847 3927 903 3978 loro
922 3930 1024 3980 theatro

586 4012 699 4061 delubris
718 4012 845 4076 capitoliis
863 4013 973 4062 monetis

586 4093 693 4143 thermis
711 4093 820 4142 arcubus
838 4093 940 4143 horreis
958 4092 1133 4142 macellis...

286 4173 408 4242 Capitolii
427 4175 494 4224 sicut
511 4174 600 4240 palatii
619 4189 736 4223 uumerus
753 4173 861 4239 pluralis
879 4189 893 4224 a
914 4188 1004 4238 prosae
1022 4173 1149 4222 orationis
1162 4171 1316 4238 posterioris
1333 4169 1423 4220 aetatb

286 4254 455 4322 scriptoribus
473 4256 496 4305 si
515 4255 656 4305 recesseris
675 4255 724 4304 nisi
744 4256 808 4320 apud
828 4261 918 4321 poetas
937 4271 985 4305 non
1003 4253 1145 4317 invenitur,
1164 4252 1285 4316 elneus,
1303 4251 1424 4302 Formen-

285 4339 358 4388 lebre
375 4333 385 4384 1
404 4337 492 4400 (1866)
510 4353 533 4402 p.
546 4337 605 4387 411.
