3086 5110
731 415 951 480 ..30-

268 593 300 654 in
325 594 446 654 modum
470 591 667 673 fastigato¹⁰⁵)
690 613 782 674 usque
805 592 839 654 ad
863 592 971 654 bellum
996 594 1102 655 sociale
1125 594 1211 674 quale
1233 593 1321 654 tuerit
1344 593 1440 655 nihil

269 693 332 753 fere
363 691 503 752 traditum
536 691 688 752 habemus.
741 693 791 752 lllo
814 699 913 753 autem
941 701 1084 772 tempore,
1117 711 1184 754 curn
1208 693 1285 754 Sulla
1316 693 1440 754 ltaliae

270 791 408 870 gentibus
443 790 662 851 inimicissimus
697 790 839 851 existebat
873 798 902 850 et
935 791 1096 869 permultas
1125 791 1249 850 militurn
1284 791 1438 852 colonias

268 889 488 961 constituebat,
526 890 612 952 etiam
647 889 880 951 Faesulanorum
918 889 1027 970 oppido
1066 907 1123 949 una
1167 908 1232 950 cum
1271 889 1438 950 Carseolis

271 989 412 1051 Aesernia
437 989 561 1049 Nuceria
585 989 663 1048 ferro
687 987 805 1066 ignique
829 986 1001 1062 vestalem)
1032 988 1175 1048 coloniam
1204 987 1435 1068 imposuit¹⁰⁷).

268 1088 348 1148 Bello
373 1087 540 1148 Catilinario
571 1105 638 1147 cum
674 1088 758 1146 sedes
793 1087 1006 1148 coniurationis
1031 1097 1125 1158 esset,
1161 1086 1274 1147 Mallius
1302 1088 1366 1147 dux
1391 1088 1434 1147 in

268 1206 340 1267 agro
366 1187 527 1248 Faesulano
551 1196 645 1246 castra
671 1186 807 1264 posuisse
830 1184 1035 1254 narratur¹⁰⁸t
1084 1185 1190 1246 Mirum
1213 1195 1311 1246 eutem
1337 1188 1431 1265 quod

270 1303 419 1365 nusquam
443 1304 499 1346 nec
520 1285 613 1346 titulis
636 1301 734 1364 neque
758 1305 772 1346 a
788 1303 887 1345 rerum
905 1285 1097 1364 scriptoribus
1113 1285 1228 1346 colonia
1244 1286 1430 1364 appellatur.

273 1383 405 1446 Omnino
428 1393 461 1444 ut
483 1383 649 1444 Florentiae
673 1384 712 1443 ita
737 1384 926 1444 Faesularum
950 1385 1162 1463 imperatorum
1187 1391 1280 1444 aetate
1303 1383 1351 1444 vix
1377 1383 1430 1444 bis

266 1493 349 1544 terve
363 1483 474 1544 mentio
490 1483 531 1542 fit.
547 1482 671 1553 Plinius,
688 1481 737 1560 qui
756 1481 786 1542 in
798 1483 884 1543 tertio
897 1482 1035 1542 historiae
1048 1483 1192 1544 naturalis
1206 1481 1281 1542 libro
1295 1484 1429 1560 Augusti

270 1581 510 1644 distributionem
532 1580 630 1641 ltaliae
644 1581 782 1641 undecim
797 1581 952 1658 regionum
972 1581 1123 1660 amplexus
1136 1601 1184 1642 eas
1200 1591 1315 1642 tantum
1333 1585 1427 1644 colo-

269 1683 333 1744 nias
353 1669 388 1742 ab
408 1683 472 1761 ipso
489 1681 551 1742 solo
569 1689 620 1740 aut
639 1697 695 1741 una
710 1699 777 1741 cum
795 1682 923 1742 Antonio
937 1681 1107 1760 lepidoque
1126 1681 1266 1742 deductas
1285 1681 1426 1742 coloniae

271 1781 357 1842 titulo
367 1779 494 1847 'ornavit
506 1779 635 1858 reliquas
648 1787 715 1839 ante
727 1780 891 1856 Augustum
905 1779 1045 1840 deductas
1058 1779 1164 1859 oppida
1180 1782 1313 1859 appellat,
1327 1781 1423 1842 etiam

270 1881 403 1942 colonias
422 1879 556 1940 Sullanas
575 1878 637 1939 solo
659 1879 781 1938 nomine
801 1879 935 1958 apposito
956 1888 1119 1940 enumerat.
1149 1879 1218 1940 lude
1235 1880 1324 1958 igitur
1336 1883 1422 1960 quod

270 1980 383 2041 Plinius
397 1987 474 2040 tacet
487 1977 618 2038 Faesulis
633 1977 759 2056 posteris
777 1978 959 2057 temporibus
978 1978 1122 2039 coloniam
1143 1995 1201 2038 non
1215 1997 1280 2039 esse
1291 1998 1422 2042 renove-

267 2088 327 2141 tam
343 2078 530 2140 efficiendum
546 2087 591 2138 est
601 2076 661 2157 ¹⁰⁰).
689 2078 729 2137 td
747 2095 809 2138 rem
827 2078 981 2138 obscuram
995 2078 1198 2138 illustrandam
1212 2096 1273 2140 non
1288 2080 1421 2140 multum

267 2179 389 2259 prodest
410 2177 565 2256 inscriptio
582 2176 683 2238 Ostiae
705 2177 838 2256 proxime
860 2179 987 2250 inventa,
1012 2196 1068 2256 qua
1091 2177 1423 2251 operosissimum

267 2287 388 2338 vocatur
415 2276 467 2336 llll
496 2276 540 2335 vir
563 2295 611 2354 qq.
637 2275 783 2346 Faesulis,
813 2277 944 2356 pontifex
970 2277 1098 2338 Faesulis
1128 2287 1157 2339 et
1179 2277 1422 2358 Florentiae110).

268 2377 384 2450 Quibus
408 2384 508 2436 autem
529 2374 718 2453 temporibus
741 2375 789 2435 ille
809 2377 951 2451 lloruerit,
967 2377 1042 2438 haud
1060 2378 1176 2439 difficile
1192 2385 1237 2437 est
1251 2385 1419 2457 compertu.

268 2477 379 2538 Noster
410 2476 488 2536 enim
518 2474 691 2545 Petronius,
720 2475 769 2554 qui
800 2485 844 2536 est
874 2477 978 2538 ordine
1003 2479 1141 2558 equestri,
1165 2486 1247 2558 pater
1269 2478 1334 2538 eius
1360 2478 1419 2537 Pe-

270 2575 360 2636 tronii
386 2573 513 2634 Melioris
536 2573 608 2644 luit,
639 2593 727 2653 quem
753 2585 966 2638 commemorat
989 2577 1092 2638 titulus
1116 2577 1163 2638 ille
1184 2576 1261 2656 apud
1285 2577 1416 2636 llenzen.

268 2693 298 2736 n.
322 2673 416 2735 6048.
467 2673 520 2732 llic
548 2684 647 2735 eutem
676 2685 737 2736 erat
768 2695 859 2737 censu
887 2677 1037 2737 senatorio
1061 2677 1189 2757 vixitque
1213 2677 1269 2738 sub
1292 2684 1415 2738 aetatem

270 2773 368 2834 Severi
390 2773 621 2853 Alexandri111).
659 2773 884 2846 Quattuorviros
908 2775 966 2836 nisi
989 2777 1019 2836 in
1046 2778 1222 2858 municipiis,
1247 2776 1416 2838 duumviros

269 2873 328 2934 nisi
351 2873 380 2933 in
405 2872 528 2933 coloniis
545 2892 606 2934 non
630 2873 751 2954 reperiri
775 2883 888 2936 rectum
913 2875 937 2936 si
961 2885 1047 2946 esset,
1070 2876 1207 2938 Faesulas
1231 2878 1295 2938 iure
1318 2876 1415 2936 muni-

268 2973 337 3053 cipii
360 2972 452 3033 tuisse
475 2959 666 3034 statuendum
690 2983 777 3035 esset.
822 2977 857 3034 At
880 2975 926 3034 lex
947 2975 1171 3055 exceptionibus
1188 2995 1248 3037 non
1266 2984 1345 3038 caret
1354 2974 1414 3054 1¹²).

270 3072 368 3132 Nihilo
395 3071 493 3132 minus
518 3091 584 3132 cum
609 3091 755 3151 nusquam
770 3074 883 3134 colonio
908 3075 1031 3147 dicatur,
1055 3075 1111 3136 hoc
1133 3076 1216 3137 titulo
1232 3075 1301 3137 ireti
1322 3082 1415 3136 aetate

273 3173 485 3250 imperatorum
510 3171 652 3249 oppidum
677 3171 831 3252 municipii
854 3173 918 3234 iure
940 3175 1032 3236 fuisse
1056 3175 1115 3236 veri
1142 3175 1324 3236 simillimum
1354 3173 1413 3235 exi-

271 3270 439 3331 stimamus.
485 3271 536 3331 llis
567 3270 656 3350 igitur
684 3271 823 3350 expositis
852 3273 886 3333 de
918 3273 1072 3354 utriusque
1095 3275 1176 3336 urbis
1200 3273 1415 3335 necessitudine

270 3371 405 3449 agedum
431 3389 618 3450 quaeramus.
670 3370 835 3432 Florentiae
876 3391 891 3432 a
924 3373 1066 3434 Romanis
1104 3374 1215 3434 colonia
1256 3372 1414 3434 constituta

273 3470 415 3532 Faesulae
438 3469 518 3530 brevi
541 3478 676 3548 tempore
700 3469 890 3530 multitudine
912 3470 1077 3532 incolarum
1102 3482 1258 3552 superatae
1282 3471 1414 3532 videntur

268 3570 328 3642 ita,
362 3579 396 3629 ut
426 3568 502 3628 baud
534 3586 640 3648 magno
667 3569 774 3630 fierent
803 3570 934 3630 nomine.
985 3570 1055 3632 Erat
1083 3573 1161 3632 enim
1191 3572 1353 3641 Florentia,
1384 3569 1412 3630 in

277 3679 490 3692 ———-

338 3726 382 3787 ¹⁰⁶)
401 3724 430 3774 0.
450 3723 565 3775 Mueller.
603 3723 658 3774 Etr.
676 3723 698 3774 1²
716 3741 739 3792 p,
760 3726 822 3784 2063
843 3726 937 3778 Densis
954 3727 972 3777 l.
992 3743 1014 3777 c.
1033 3743 1056 3793 p.
1075 3727 1166 3792 439sq.

341 3807 384 3872 ιοθ)
402 3805 475 3856 Flori
493 3807 553 3872 epit.
573 3807 611 3857 ed.
631 3805 660 3857 0.
680 3808 753 3857 lehn.
773 3823 796 3874 p.
816 3807 857 3872 83,
876 3809 917 3860 28.

340 3889 385 3949 ¹⁰⁷)
402 3888 453 3938 Cic.
475 3888 500 3937 in
519 3889 575 3938 Cet.
593 3887 626 3938 lll
644 3889 668 3952 6,
689 3889 735 3952 14;
754 3905 800 3956 pro
819 3889 885 3940 Mur.
905 3889 937 3938 tt
956 3888 1024 3954 549.

340 3969 383 4031 ¹⁰⁸)
402 3967 456 4019 Cic.
476 3970 500 4018 in
520 3969 574 4019 Cat.
595 3968 668 4032 1116,
690 3971 734 4032 14;
753 3971 859 4021 Sallust.
880 3971 935 4022 Cat.
954 3972 994 4022 24.
1014 3973 1055 4022 27.
1075 3971 1116 4023 30.

339 4050 383 4112 ¹⁰⁹)
405 4048 456 4100 Nec
470 4051 551 4100 lucem
571 4049 622 4100 lert
640 4051 704 4116 quod
723 4052 788 4102 idem
808 4052 871 4103 dicit
890 4053 907 4102 l.
927 4051 971 4104 Vll
993 4052 1067 4116 13‚oo
1086 4053 1112 4102 C.
1132 4051 1286 4119 crispinium
1305 4053 1410 4105 Hilarum

270 4150 304 4186 ex
324 4134 435 4196 ingenue
454 4133 527 4199 plebe
546 4131 687 4182 Faesulana
706 4150 760 4183 cum
780 4134 868 4184 liberis
887 4135 913 4184 in
933 4133 1062 4199 Capitolio
1081 4133 1191 4185 Romano
1215 4135 1376 4188 sacriticasse.

337 4216 381 4280 ¹¹⁰)
401 4212 435 4266 cl.
455 4213 615 4278 Fiorellium,
634 4211 736 4264 Notizie
754 4231 776 4264 a.
799 4215 863 4266 1886
882 4231 905 4282 p.
924 4216 982 4266 476.

339 4298 381 4362 ¹¹¹)
402 4297 468 4348 boll.
487 4297 548 4347 inst.
566 4311 589 4348 a.
610 4295 676 4346 1830
695 4311 717 4362 p.
739 4298 794 4349 198.

337 4380 381 4447 ¹¹²)
403 4380 517 4431 Momms.
542 4379 616 4431 indic.
641 4377 752 4445 corpsl.
776 4377 805 4429 ll.
827 4378 859 4431 N.
883 4379 969 4432 XXV.
992 4380 1088 4434 xxvi.
1131 4379 1285 4446 llerquardt
1317 4381 1403 4432 enchir.

271 4462 324 4515 vol.
342 4461 354 4514 l
371 4479 395 4530 p.
413 4463 472 4513 479.
