3114 5110
633 354 853 417 ..13-

256 534 358 614 Usque
385 531 421 593 ad
444 531 595 592 saeculum
627 529 834 591 duodecimum
865 546 976 590 nomen
1010 527 1143 610 Capitolii
1172 527 1312 590 Latinum

169 639 320 694 serratum
343 649 409 692 esse
431 629 510 706 legas
533 628 692 690 nonnullae
722 628 881 689 maximam
909 635 1023 707 partem
1052 627 1237 707 emptionum
1261 628 1316 688 d0-

170 737 311 794 cumento
334 736 413 790 sunt.
458 727 589 788 Subinde
605 725 778 786 vocabulum
802 725 901 804 lingna
916 725 1132 802 Franccgallica
1147 726 1186 786 ita
1202 733 1314 788 mutata

172 837 216 891 est
231 837 266 890 ut
281 827 366 888 lieret
381 824 530 905 Capdueil,
552 825 681 904 Cbatoyl,
698 824 809 898 Chatol,
826 824 960 896 Chatoul,
976 823 1112 895 Chatoor,
1129 823 1315 902 Chateur¹⁷).

257 926 391 986 Diximus
408 925 444 986 de
460 923 604 996 lonbbus,
627 923 708 984 unde
724 923 822 984 omnis
838 923 998 1003 disputatio
1014 923 1141 1001 petenda
1158 923 1212 996 sit,
1236 939 1316 984 nunc

170 1027 295 1106 agedum
319 1040 589 1085 commemoremus
613 1041 665 1083 ecs
689 1023 741 1101 qui
763 1021 799 1082 iis
822 1023 868 1083 usi
892 1031 978 1095 sunt,
1007 1029 1040 1082 ut
1070 1021 1190 1082 iudicari
1220 1021 1316 1100 possit

170 1125 240 1206 quid
264 1142 318 1186 nos
346 1122 541 1190 voluerimus,
569 1121 639 1200 quid
668 1121 915 1201 praestiterimus.
961 1123 1002 1182 bc
1028 1121 1164 1200 princeps
1194 1120 1315 1199 quidem

173 1222 375 1285 nominandus
390 1220 568 1298 llucangius,
592 1219 690 1299 quiin
713 1220 853 1280 thesauro
877 1220 966 1280 medii
988 1219 1050 1280 aevi
1073 1205 1225 1279 latinitatis
1249 1237 1271 1277 s.
1288 1236 1314 1276 v.

170 1321 347 1401 Capitolium
371 1337 511 1394 magnum
535 1318 747 1396 Capitoliorum
776 1337 936 1379 numerum
966 1317 1090 1396 collegit.
1135 1316 1225 1377 Cuius
1254 1316 1315 1376 col-

170 1420 328 1482 lectionem
352 1419 388 1479 ad
410 1437 475 1478 eam
498 1417 643 1478 rationem
668 1417 781 1495 exigere
796 1435 859 1478 non
875 1417 1018 1478 debemus
1034 1434 1110 1495 quae
1131 1414 1198 1476 inre
1214 1423 1315 1475 nostra

171 1526 268 1580 aetate
290 1518 467 1597 postulatur,
491 1517 601 1596 quippe
617 1516 668 1594 qui
684 1517 714 1576 in
730 1515 916 1594 pensitandis
939 1515 1118 1594 scriptorum
1134 1513 1315 1574 testimoniis

170 1635 231 1678 non
248 1637 282 1678 ea
297 1635 371 1696 quae
388 1635 462 1696 opus
479 1623 524 1676 est
539 1615 675 1676 cautione
693 1622 801 1675 utatur.
846 1614 930 1687 Quod
954 1614 1044 1693 igitur
1064 1613 1194 1692 peccavit
1218 1631 1315 1692 saepe,

171 1734 232 1778 non
247 1715 302 1796 ipsi
319 1715 373 1776 sed
388 1714 475 1776 aetati
492 1714 561 1774 vitio
577 1713 747 1774 vertendam
760 1713 808 1774 sit.
844 1713 934 1774 Cuius
950 1712 1123 1774 relationem
1141 1729 1208 1772 cum
1223 1711 1316 1772 Brau-

171 1817 240 1878 nius
254 1814 411 1875 maximam
426 1821 539 1892 partem
553 1812 635 1872 nullo
646 1812 754 1874 iudicio
767 1811 897 1872 adhibito
914 1811 1112 1890 exscripserit,
1128 1811 1192 1871 eius
1208 1809 1315 1870 librum

171 1913 256 1975 nihili
272 1931 338 1974 esse
360 1919 603 1972 consentancum.
649 1911 676 1971 ls
699 1911 778 1970 enirn
795 1927 874 1971 anno
899 1909 980 1970 1849
996 1927 1184 1988 programma
1209 1908 1316 1978 emisit,

172 2013 219 2074 cui
231 2011 398 2090 inscripsit:
412 2009 635 2089 „lliellapitole
648 2009 1001 2088 llinladnngsprogramm
1011 2027 1044 2067 zu
1054 2007 1161 2068 dararn
1171 2006 1317 2067 Cebnrts-

170 2119 235 2190 tage
258 2110 499 2170 Winclrelmanns
523 2108 757 2168 stattfindenden
773 2107 1122 2182 Generalversammlung
1144 2123 1204 2166 von
1219 2106 1311 2166 Alter·

170 2209 401 2270 tumsfreunden
423 2207 464 2267 im
487 2207 701 2268 Rheinlande.“
747 2208 888 2280 Quicum
912 2206 1058 2286 permulta
1076 2225 1150 2287 quae
1172 2207 1257 2266 docet
1280 2224 1317 2265 ne

171 2308 236 2388 ipse
260 2307 378 2387 quidem
402 2306 572 2386 perlegerit,
602 2307 635 2366 lit
656 2315 690 2368 ut
711 2307 784 2367 liber
808 2305 959 2367 erroribus
981 2305 1191 2368 refertissimus
1222 2303 1316 2382 sit¹⁸).

171 2515 324 2582 templorum
337 2516 367 2565 ad
380 2529 451 2564 usum
464 2513 592 2580 publicum
611 2513 806 2564 vindicarentur
824 2510 866 2578 (ci.
880 2514 933 2564 cod.
948 2513 1042 2564 Theod.
1057 2513 1117 2565 XVl
1131 2515 1171 2576 10,
1186 2515 1237 2579 19),
1256 2527 1318 2578 quae

174 2599 217 2648 lex
236 2612 301 2647 anno
319 2597 369 2647 435
394 2595 571 2646 aTheodesio
597 2602 624 2644 et
641 2595 823 2647 Valentiniano
848 2595 885 2645 ita
908 2595 1081 2657 redintegrata
1106 2603 1145 2646 est
1163 2603 1191 2645 nt
1210 2611 1239 2646 ea
1257 2611 1320 2660 quae

173 2685 337 2746 superessent
357 2677 450 2743 templa
468 2677 566 2728 destrui
585 2684 612 2726 et
630 2677 702 2740 signo
716 2676 812 2726 Christi
825 2677 948 2740 erigendo
963 2677 1062 2742 expiari
1076 2677 1200 2740 iuberent,
1219 2676 1251 2727 cl.
1266 2677 1321 2728 cod.

174 2761 269 2812 Thecd.
283 2757 344 2811 XVl
359 2759 399 2824 10,
418 2760 459 2808 25.
503 2759 587 2809 Verbo
607 2759 689 2822 igitur
706 2766 824 2808 monetur
842 2765 869 2807 ut
882 2759 974 2824 templa
987 2759 1013 2808 in
1027 2775 1097 2809 usum
1116 2760 1252 2825 publicum,
1273 2776 1320 2809 non

174 2845 200 2893 in
220 2842 344 2893 ecclesias
369 2847 567 2902 convertantur3
595 2855 667 2906 quarn
691 2840 721 2890 ob
745 2856 798 2890 rem
822 2841 843 2890 si
868 2841 992 2890 ecclesias
1016 2840 1042 2890 ic
1065 2839 1236 2892 fundamentis
1258 2850 1321 2892 teru-

174 2925 275 2991 plorum
294 2938 350 2974 esse
368 2923 533 2988 reperiemus,
553 2937 595 2972 aas
614 2921 645 2972 ad
664 2937 738 2971 unam
757 2935 843 2971 omnes
856 2928 915 2972 ante
929 2922 1043 2986 quintum
1057 2921 1099 2972 vel
1112 2931 1211 2973 sextum
1226 2939 1248 2988 p.
1261 2923 1319 2973 Chr.

173 3006 302 3058 saeculum
325 3021 374 3054 non
393 3004 537 3055 aedificatas
561 3018 617 3054 esse
635 3002 825 3054 arbitrabimur.
869 3003 909 3052 Ad
928 3010 1042 3054 nostram
1064 3005 1237 3068 quaestionem
1257 3005 1321 3069 quod

174 3089 267 3139 attinet
289 3087 442 3152 Capitolium
465 3085 678 3148 Carthaginiense
702 3092 760 3151 post
783 3100 875 3136 annum
900 3085 949 3136 408
974 3101 1019 3150 pro
1042 3087 1147 3137 aerario
1174 3086 1322 3152 provinciae

173 3168 277 3221 Africae
301 3167 382 3218 luisse
407 3169 508 3220 seimus.
544 3166 571 3216 ln
590 3167 718 3234 Capitolio
737 3167 1021 3232 Constantinopolitano
1040 3168 1113 3232 signo
1132 3167 1238 3230 Christi,
1256 3169 1321 3232 quod

174 3268 240 3301 anno
258 3267 282 3316 p.
301 3251 358 3301 Chr.
377 3251 426 3300 408
449 3257 536 3300 terrae
560 3257 630 3299 motu
653 3249 779 3299 decidisse
797 3248 916 3312 traditur,
936 3250 1039 3316 expiato
1060 3251 1204 3316 philosophi
1222 3251 1323 3300 scholas

176 3331 295 3383 habuere.
331 3332 488 3383 vesontione
508 3339 534 3382 et
552 3329 663 3382 Tolosae
681 3331 836 3380 Christianis
860 3331 973 3382 ecclesia
994 3346 1041 3380 non
1065 3339 1121 3382 erat
1139 3331 1165 3380 in
1186 3331 1323 3396 Capitolio,

176 3413 221 3464 sed
240 3429 314 3480 prope
332 3414 501 3480 Capitolium,
524 3413 633 3478 nequid
656 3413 738 3464 dicam
761 3414 791 3464 dc
813 3412 939 3478 Capitolio
960 3413 1079 3476 Romano,
1102 3414 1168 3478 quod
1191 3427 1322 3476 numquam

174 3496 283 3547 ecclesia
301 3495 403 3547 lactum.

242 3580 272 3640 ¹⁷)
297 3595 317 3630 e.
331 3596 354 3643 g.
368 3578 445 3630 Narh.
459 3577 609 3642 provincias
627 3583 716 3642 poeta,
735 3579 778 3642 qui
797 3578 866 3628 vixit
884 3578 930 3627 sub
947 3578 1020 3628 finem
1039 3578 1137 3628 saeculi
1155 3575 1216 3641 ΧΗ,
1235 3591 1323 3626 nomen

174 3657 226 3710 fert
245 3659 311 3710 Perat
329 3661 359 3708 de
379 3659 512 3725 Capdueil;
532 3657 562 3709 cl.
575 3659 686 3709 histoire
705 3655 825 3722 generale
843 3659 874 3710 de
887 3660 1039 3723 Languedoc
1057 3676 1103 3726 par
1116 3661 1186 3710 Dour.
1202 3659 1230 3724 Q.
1245 3659 1324 3711 Devio

173 3749 200 3792 ct
217 3742 288 3792 Dora.
308 3742 330 3792 J.
346 3740 464 3792 Vaissete
482 3747 543 3790 torn.
562 3740 597 3792 Vl
616 3757 638 3806 p.
661 3741 717 3792 165.
756 3741 848 3792 Cetera
861 3743 900 3793 vd.
919 3742 987 3794 inira
999 3743 1053 3793 suh.
1072 3759 1097 3795 v.
1115 3741 1202 3793 Narbo
1214 3739 1323 3792 Martius

173 3831 200 3874 et
219 3823 351 3877 Vesontio.

240 3905 273 3970 ¹⁸)
300 3905 339 3957 Ne
361 3904 417 3970 quis
440 3920 480 3956 me
510 3904 624 3970 cupidius
653 3905 680 3956 ia
711 3905 784 3956 illum
812 3905 900 3958 invehi
927 3914 1012 3972 putat,
1040 3923 1156 3958 errorum
1182 3903 1324 3972 exemplum

172 3987 245 4038 addo.
277 3985 348 4050 Quod
366 3987 461 4038 scribit
479 3987 623 4050 Ducangius
641 3987 659 4038 l.
678 3988 697 4038 l.
717 3993 808 4050 „erant
825 3989 940 4039 coloniae
959 3989 1031 4054 quasi
1050 3987 1149 4053 effigies
1167 4003 1261 4055 parvae
1280 4003 1325 4054 po·

173 4069 228 4134 puli
241 4068 347 4118 Romani
366 4083 444 4134 eoque
456 4069 514 4118 iura
531 4068 657 4120 habebant
671 4069 773 4118 theatra
785 4069 896 4119 thermas
911 4069 1066 4135 Capitolia“‚
1079 4071 1106 4121 id
1125 4071 1247 4134 religiose
1262 4085 1323 4121 snae

173 4149 352 4201 dissertationi
365 4152 433 4216 (pag.
448 4151 472 4212 3)
486 4151 610 4200 Braunius
623 4150 748 4212 inseruit;
766 4157 886 4216 attamen,
900 4151 923 4200 ai
937 4149 1048 4202 Gellium
1061 4153 1212 4214 evolvisset,
1231 4153 1322 4202 ultima

173 4232 252 4284 verba
272 4233 386 4284 scrihere
405 4249 455 4282 non
473 4233 562 4299 potuit.
591 4229 692 4282 Gellius
711 4233 777 4283 enirn
797 4233 862 4299 quod
874 4232 1018 4296 Ducangius
1035 4235 1115 4286 tradit
1127 4236 1150 4286 si
1165 4234 1323 4300 scripsisset,

173 4315 322 4378 gravissimi
348 4315 458 4366 nominis
484 4315 633 4368 haberemus
660 4322 836 4376 argumentum
862 4315 1019 4380 quaestionis
1048 4324 1152 4367 nostrae
1176 4315 1322 4366 solvendae.

177 4397 295 4448 Ceterum
315 4397 404 4462 quihus
423 4398 562 4463 complevit
574 4397 636 4450 libri
649 4397 690 4448 aui
703 4397 808 4463 paginas
821 4397 929 4461 triginta
942 4397 1004 4446 duas
1017 4405 1118 4463 praeter
1131 4413 1204 4464 pagg.
1219 4397 1320 4448 12-22
