3114 5110
730 317 929 379 ..6-

263 505 322 570 quo
347 490 452 552 molius
475 509 562 572 quam
586 491 730 554 rationem
754 493 915 571 quaerendi
942 493 1095 556 inierimus
1118 501 1264 575 appareat.
1308 495 1410 568 Quam

259 589 382 650 obrem
405 588 535 668 primum
559 608 680 668 agemus
709 591 745 651 de
768 590 910 670 lontibus,
940 591 1046 654 deinde
1074 591 1111 653 de
1134 592 1284 672 Capitoliis
1306 593 1411 654 ltaliae

258 687 550 768 provinciarumque,
591 689 721 770 denique
761 691 858 752 cultus
900 691 1002 752 triadis
1040 691 1222 772 Capitolinae
1260 692 1409 770 originem

259 786 510 848 adumbrabimus.

637 1017 672 1099 Ι.
716 1019 777 1100 lle
805 1018 1019 1103 fontibus.

343 1178 385 1240 Ao
412 1179 628 1258 praesidiorum
660 1179 779 1258 quidem
808 1181 916 1260 quibus
944 1182 1077 1260 quaestio
1105 1189 1207 1242 nostra
1237 1181 1409 1242 continetur

257 1279 391 1358 quinque
407 1280 530 1340 omnino
547 1279 681 1340 ridemus
697 1299 761 1340 esse
778 1295 898 1359 genera,
922 1299 1049 1360 quorum
1066 1279 1195 1360 primum
1213 1287 1257 1341 est
1278 1281 1409 1360 inscrip-

257 1379 382 1452 tionum,
406 1379 571 1441 secnndum
587 1395 790 1451 nummorum,
813 1379 935 1440 tertium
953 1387 1084 1442 veterum
1101 1397 1199 1442 rerum
1215 1379 1409 1459 scriptorum,

257 1485 397 1558 quartum
421 1485 555 1538 actorum
577 1486 758 1551 sanctorum,
781 1479 917 1558 quintum
940 1478 1210 1540 instrumentorum
1233 1479 1320 1538 medii
1343 1481 1409 1540 aevi

256 1585 321 1638 tum
345 1576 613 1638 ecclesiasticorum
636 1586 699 1636 tum
723 1580 927 1656 profanorum.
972 1578 1069 1656 dtque
1092 1577 1307 1656 inscriptiones,
1331 1596 1409 1657 quae

257 1694 325 1737 cum
350 1675 477 1737 multum
506 1676 620 1736 valeant
642 1676 677 1736 ed
701 1694 821 1736 omnem
853 1675 1058 1756 antiquitatem
1087 1676 1293 1737 illustrandam
1316 1677 1407 1738 etiam

258 1773 467 1854 disputationis
489 1784 611 1835 nostrae
633 1783 785 1853 tamquam
809 1775 1037 1836 fundamentum
1054 1784 1134 1846 sunt,
1158 1775 1236 1855 quod
1253 1793 1360 1836 omnes
1374 1775 1408 1835 in

257 1891 381 1952 corpora
404 1873 537 1933 redactas
559 1871 691 1932 nondum
712 1872 857 1934 babemus
878 1892 931 1951 ego
948 1892 1067 1953 quoque
1082 1875 1165 1934 valde
1180 1874 1274 1934 doleo.
1304 1873 1410 1954 Neque

258 1989 326 2032 vero
356 1988 552 2050 quamquam,
591 1977 623 2030 ut
651 1969 704 2031 alia
734 1971 885 2044 omittam,
914 1973 1007 2032 totius
1036 1973 1149 2032 mediae
1179 1972 1276 2034 ltaliae
1303 1972 1408 2034 titulos

257 2070 395 2131 collectos
419 2069 620 2129 desideramus
643 2069 737 2130 multo
761 2069 846 2148 plura
869 2070 904 2130 ad
929 2071 1069 2149 Capitolia
1092 2071 1297 2149 cognoscenda
1320 2091 1354 2132 err
1371 2073 1409 2133 iis

255 2168 320 2229 fore
343 2176 376 2230 ut
398 2167 593 2229 enucleentur
615 2176 696 2247 puto.
739 2167 847 2229 Mirum
871 2179 971 2230 autem
988 2170 1135 2249 verboque
1152 2170 1269 2230 monitu
1283 2170 1407 2249 dignum

256 2267 460 2328 videturesse
483 2268 563 2346 quod
585 2266 664 2328 tituli
687 2267 795 2346 quibus
818 2275 879 2329 tres
902 2267 949 2328 dei
970 2267 1126 2347 Capitolini
1149 2269 1300 2330 coniuncti
1323 2287 1408 2328 com-

258 2373 464 2427 memorantur
486 2378 558 2446 pr'ae
574 2365 636 2426 aliis
652 2366 745 2426 titulis
762 2366 851 2426 saeris
868 2367 963 2428 rarius
980 2386 1068 2446 quam
1087 2369 1303 2447 exspectaveris
1319 2367 1408 2428 nobis

257 2473 427 2526 occurrunt.
471 2465 551 2538 Quos
575 2483 642 2525 eum
673 2464 843 2526 facillimum
872 2463 911 2526 sit
939 2483 974 2526 ex
997 2483 1155 2544 corporum
1177 2465 1408 2544 inscriptionum

254 2563 401 2625 indicibus
429 2563 576 2639 colligere,
604 2580 657 2622 eos
680 2563 738 2623 hoo
764 2563 829 2623 loco
858 2581 1021 2642 congerere
1049 2564 1114 2624 iure
1142 2565 1336 2643 supersedere
1361 2583 1410 2625 me

255 2681 344 2742 posse
359 2661 520 2722 arbitratus
537 2679 615 2734 sum,
632 2679 699 2722 cum
716 2661 890 2740 praesertim
906 2662 935 2722 id
953 2662 1025 2723 mibi
1038 2663 1184 2740 agendum
1205 2663 1409 2724 existimarem

257 2779 295 2822 ue
318 2759 531 2822 commentatio
554 2760 585 2821 in
609 2761 716 2820 molem
733 2760 886 2838 ingentem
902 2771 1105 2822 exscreseeret.
1142 2762 1227 2834 Quod
1244 2763 1333 2824 modo
1350 2761 1410 2821 dini

255 2862 291 2922 de
315 2858 464 2940 lapidibus
487 2858 581 2920 tribus
598 2858 659 2920 deis
680 2858 784 2938 positis
799 2859 876 2919 idem
895 2860 1022 2922 maxime
1037 2861 1115 2922 cadit
1130 2861 1161 2921 in
1177 2861 1281 2922 titulos
1298 2860 1409 2940 quibus

256 2961 389 3040 luppiter
424 2959 554 3038 optimus
585 2958 730 3019 maximus
760 2957 943 3037 Capitolinus
971 2966 1240 3033 commemoratum
1268 2959 1318 3038 qui
1346 2967 1406 3018 tam

254 3077 320 3120 raro
344 3057 431 3118 nobis
455 3057 530 3118 obvii
554 3065 634 3130 sunt,
659 3065 692 3117 ut
708 3065 815 3135 quater
836 3063 952 3117 tantum
976 3057 1022 3117 vel
1038 3057 1193 3135 quinquies
1212 3057 1292 3136 quod
1316 3055 1404 3117 sciam

253 3156 452 3234 reperiantur.
499 3154 602 3231 Neque
624 3161 725 3214 tamen
755 3153 780 3214 is
808 3172 875 3214 sum
903 3154 954 3232 qui
982 3153 1068 3214 istius
1094 3154 1172 3214 modi
1197 3153 1400 3232 inscriptiones

253 3253 305 3316 ubi
327 3252 514 3332 reperiantur
536 3251 578 3310 ibi
593 3250 767 3330 Capitolium
791 3253 884 3314 luisse
900 3253 1078 3314 existimem.
1114 3253 1205 3313 rituli
1221 3254 1301 3313 enim
1320 3251 1402 3312 votui

218 3375 222 3379 ·
253 3353 336 3414 uullo
367 3357 501 3413 exstante
530 3349 643 3427 templo
672 3349 743 3427 poni
773 3359 927 3429 poterunt,
956 3351 984 3411 id
1014 3352 1093 3430 quod
1120 3350 1267 3429 imprimis
1295 3351 1404 3412 laetum

253 3451 389 3512 videmus
413 3468 428 3510 a
452 3447 596 3508 militibus
612 3447 644 3507 in
660 3448 784 3509 remotis
800 3467 888 3528 saepe
902 3449 1019 3528 imperii
1035 3449 1161 3510 Romani
1176 3447 1310 3529 partibus
1325 3467 1407 3510 aram

253 3549 374 3611 cuilibet
396 3549 451 3608 deo
473 3545 683 3608 statuentibus.
729 3547 825 3620 Quam
849 3547 887 3609 ob
909 3567 973 3609 rem
997 3548 1053 3609 nisi
1075 3548 1129 3608 alia
1152 3547 1298 3608 accedunt
1319 3547 1407 3608 testi-

253 3647 351 3707 monia
376 3646 420 3726 pel
442 3646 626 3726 templorum
648 3646 797 3725 reliquiae,
822 3647 985 3708 cavendum
1001 3665 1040 3706 ne
1057 3646 1148 3707 nimis
1171 3645 1282 3708 creduli
1297 3645 1406 3706 talibus

251 3743 498 3824 inscriptionibus
521 3744 587 3823 plus
610 3763 704 3823 aequo
720 3745 913 3806 confidamus.
947 3745 1030 3806 Hanc
1045 3745 1135 3824 igitur
1155 3744 1286 3822 regulam
1303 3751 1405 3804 secuto

253 3845 377 3922 contigit
408 3843 480 3904 mibi
510 3852 543 3904 ut
573 3863 608 3904 ex
630 3843 776 3924 lapidibus
806 3862 874 3905 cnm
897 3843 1007 3905 Latinis
1034 3853 1098 3904 tum
1122 3843 1240 3904 Graecis
1264 3841 1404 3921 Capitolia

253 3960 391 4004 eruerem
420 3944 507 4004 haee:
547 3943 725 4004 Ostiense
753 3941 994 4004 Histoniense
1022 3942 1268 4004 Marruvinum
1299 3941 1404 4001 Pom-

253 4041 437 4121 peianum
455 4037 496 4118 (l)
520 4041 744 4102 Faleriense
767 4041 1012 4102 Faesulanum
1036 4039 1403 4118 Veronensellispa-

251 4142 354 4200 lense
389 4139 711 4217 Carthaginiense
745 4139 908 4200 Bibense
941 4139 1084 4200 Suense
1114 4137 1157 4218 (i)
1188 4139 1404 4216 Thuggense

250 4238 565 4300 Thevestinense
595 4237 896 4317 Thamugadense
926 4238 1253 4300 Lambaesitanum
1279 4235 1403 4298 Uzeli-

250 4336 961 4417 tanumCirtenseSitilenschsaeum
978 4336 1403 4416 TeumSmyrnaeum.-
