3114 5110
695 351 948 414 --ae--w

232 545 299 588 rum
324 525 497 603 dignoscere
520 524 556 584 ab
578 525 719 586 Italorum
743 527 883 604 religione
899 537 943 589 est
958 529 1183 592 alienissimum.
1231 531 1379 606 biterrim,

233 643 415 705 quamquam
450 643 519 684 sexu
556 631 626 684 snut
659 624 767 688 diversi
802 637 831 686 et
865 645 963 688 mares
998 647 1066 690 cunr
1094 629 1214 689 feminis
1244 630 1379 710 coniugia

232 725 347 792 ineunt,
376 731 477 783 tamen
499 741 618 802 semper
640 733 711 784 sunt
734 723 799 786 orbi
823 742 920 802 neque
944 744 1075 804 unquam
1107 729 1233 788 deorum
1256 728 1340 788 liberi
1363 749 1379 790 a

232 821 406 902 parentibus
430 819 701 896 secernuntur³¹²).
746 821 874 882 Minerva
897 832 993 884 autem
1019 843 1087 886 cum
1110 825 1177 886 love
1205 833 1235 885 et
1262 825 1378 886 lunone

233 921 275 980 ita
303 921 460 981 coniuncta
488 930 542 988 est,
576 938 680 980 eorum
710 929 742 980 ut
771 920 829 980 ulia
857 919 964 996 sitm).
1010 923 1073 984 Hoc
1095 923 1286 992 Graecorum,
1317 940 1378 984 non

232 1019 435 1080 Romanorum
457 1019 672 1080 morcinctum
696 1037 762 1080 esse
791 1019 857 1098 quis
879 1018 1077 1082 initiabitur?
1122 1021 1243 1082 Accedit
1267 1021 1377 1100 gravis-

232 1119 342 1178 simum
366 1125 587 1196 argumentum,
617 1117 696 1195 quod
728 1117 852 1178 deorum
875 1117 983 1178 triades
1006 1119 1202 1188 Graecorum,
1231 1136 1291 1178 non
1315 1119 1378 1180 Ro-

232 1214 554 1288 manorrrmsunt⁸1⁴t
598 1216 640 1274 Ad
666 1223 798 1276 nostram
822 1215 946 1274 triadem
970 1217 1049 1294 quod
1073 1217 1187 1289 attinet,
1218 1217 1317 1276 nescio
1340 1235 1378 1278 an

232 1334 301 1375 casn
323 1316 435 1376 lactum
458 1314 511 1385 sit,
544 1322 577 1374 ut
600 1331 692 1374 unum
716 1320 832 1374 tanturn
857 1315 1025 1392 exemplum
1054 1313 1083 1374 in
1106 1313 1226 1376 Graecia
1249 1315 1379 1392 reperire

231 1411 452 1491 possimus⁸¹⁵).
498 1411 582 1490 Apud
606 1411 694 1472 italos
717 1422 815 1472 autem
839 1428 877 1470 ne
903 1428 993 1472 tinum
1012 1412 1134 1491 quidem
1157 1420 1252 1472 exstat
1273 1412 1377 1474 triadis

301 1601 344 1665 ⁸¹²)
363 1601 440 1657 Recte
459 1603 538 1663 igitur
558 1602 697 1663 Prellerus,
716 1601 824 1668 Mythot.
843 1600 914 1652 Rom.
933 1600 960 1652 Ι8
978 1618 1001 1668 p.
1017 1603 1062 1652 55:
1086 1603 1174 1665 ,Λυσι
1198 1603 1287 1652 lamen
1306 1603 1378 1651 diese

233 1681 371 1735 necteria
391 1684 436 1732 den
456 1685 555 1734 'ailtcrcn
575 1685 716 1732 rdmischcn
741 1682 854 1732 Gebetcn
883 1698 953 1732 zwar
975 1683 1013 1732 als
1038 1684 1179 1749 paarweise
1204 1685 1253 1732 und
1277 1683 1378 1733 ehclicb

232 1764 394 1814 verbundene
415 1779 523 1814 vor...
543 1764 606 1812 doch
624 1763 681 1813 sind
700 1763 772 1813 diese
792 1763 861 1812 Eheu
886 1764 909 1811 in
929 1765 977 1812 den
1001 1765 1107 1814 meisten
1137 1763 1225 1813 Fallere
1246 1763 1378 1814 linderlos

231 1846 282 1893 und
301 1845 417 1894 vollends
436 1844 501 1894 fehlt
519 1861 546 1894 es
566 1845 611 1894 der
630 1845 808 1895 italienischen
827 1843 989 1909 lllpthologie
1008 1845 1125 1909 giinzlieh
1143 1861 1174 1894 an
1193 1847 1246 1894 dem
1259 1846 1322 1894 Sina
1335 1843 1379 1894 fiir

232 1927 274 1976 ain
292 1927 393 1976 selehes
412 1925 526 1992 Prinzip,
546 1926 595 1975 wie
613 1927 639 1975 in
659 1927 705 1976 der
723 1926 900 1990 griechischen
920 1926 965 1976 der
983 1927 1137 1988 allgcmeiae
1150 1925 1378 1991 Liebesgottllros

230 2009 319 2068 uirht,
338 2009 418 2060 durch
437 2009 547 2059 welches
567 2008 607 2058 dic
628 2006 720 2056 Gdtter
746 2014 822 2057 nater
841 2007 896 2056 sich
920 2007 971 2056 und
997 2022 1029 2056 zu
1050 2007 1099 2055 den
1117 2006 1253 2058 Menschcn
1274 2007 1379 2058 inciae

175 2089 178 2095 '
231 2089 365 2151 lebendige
385 2089 649 2150 Wechselbeziehuug
678 2089 720 2136 des
749 2087 917 2137 Geschleehts
942 2094 1043 2149 gesetzt
1065 2089 1169 2138 werden
1192 2089 1243 2137 nod
1267 2089 1380 2138 dadnrch

231 2171 271 2220 dic
291 2169 382 2234 Qnelle
405 2173 451 2220 der
474 2171 685 2234 genealogischen
711 2170 839 2232 Dichtuag
868 2169 978 2219 erdffnet
1004 2169 1076 2218 wird.
1115 2169 1245 2220 Vielmehr
1273 2171 1379 2219 wardan

232 2253 273 2302 die
292 2252 431 2302 italischeu
455 2251 548 2301 Go'tter
572 2251 710 2314 iesgemein
733 2251 772 2300 als
797 2251 878 2300 Viiter
900 2250 951 2298 und
975 2243 1070 2300 Miitter
1093 2249 1226 2314 gedachtr‘.
1263 2249 1300 2300 ct
1319 2251 1380 2300 Αιιι-

231 2333 323 2382 brosch
341 2334 359 2382 l.
379 2349 399 2381 c.
419 2349 442 2398 p.
462 2334 508 2394 643
529 2331 685 2396 Marquardt‚
704 2331 805 2380 Euchir.
827 2329 859 2380 ΙΙΙ
878 2347 901 2396 p.
914 2331 938 2379 6,

299 2415 342 2478 ³¹⁸)
362 2414 400 2464 lta
418 2416 496 2464 etiam
515 2414 612 2464 iudicat
629 2413 799 2476 Augustinus.
817 2412 853 2462 De
872 2411 923 2462 eiu.
941 2412 989 2462 net
1006 2411 1040 2464 IV
1061 2413 1103 2463 10:
1123 2413 1218 2477 „simul
1237 2413 1380 2463 enimcum

230 2498 270 2549 his
289 2497 314 2546 in
335 2495 463 2560 Capitolio
483 2495 623 2546 constituta
640 2501 681 2546 est
699 2493 848 2559 (Minerva),
867 2509 924 2543 cum
942 2495 994 2544 ista
1011 2493 1064 2544 filie
1083 2509 1133 2544 uon
1151 2493 1188 2544 sit
1206 2493 1362 2546 ambornm“.

299 2575 344 2641 ⁸¹⁴)
362 2577 466 2625 Jordan.
484 2577 511 2626 in
529 2575 641 2626 Prellari
659 2563 741 2642 Myth.
761 2575 786 2624 Ι8
809 2592 832 2642 p.
851 2576 883 2624 65
906 2575 962 2624 adn.
999 2575 1074 2624 'scias
1097 2575 1200 2624 Cereris
1225 2575 1312 2625 Liberi
1335 2575 1382 2625 Li-

231 2659 308 2708 berae
328 2672 360 2706 ex
379 2657 470 2706 Sicilia
491 2663 535 2706 aut
554 2657 644 2720 Magne
664 2655 772 2706 Graecia
792 2655 894 2706 Romam
914 2657 1004 2722 primis
1023 2656 1063 2705 rei
1076 2655 1191 2721 publicae
1204 2657 1300 2706 liberae
1314 2664 1379 2706 tem-

231 2739 336 2806 poribus
354 2737 480 2788 translata
500 2746 547 2800 est,
567 2736 598 2787 cl.
618 2738 670 2788 Cic.
691 2754 735 2802 pro
754 2738 833 2787 Balbo
852 2753 906 2804 cap.
928 2739 974 2801 243
993 2738 1103 2800 Nitsch.‚
1121 2737 1168 2788 Die
1186 2738 1311 2789 ro'mische
1327 2739 1380 2788 An-

232 2820 339 2871 nalistik
358 2837 381 2886 p.
400 2819 549 2882 tot-2163
580 2817 736 2884 Marquardt.
762 2818 992 2870 mentientem.
1028 2821 1090 2870 Cum
1114 2835 1146 2870 cx
1169 2821 1325 2871 auctoritate
1344 2821 1380 2872 h-

231 2903 334 2952 brorum
357 2901 545 2968 Sibyllinorum
563 2917 586 2951 a.
605 2918 628 2950 n.
648 2918 670 2951 c.
696 2901 746 2951 355
764 2902 954 2952 lectisternium
977 2902 1063 2964 haret,
1093 2903 1201 2968 primum
1229 2903 1381 2952 obtinebant

229 2986 313 3035 locum
330 2985 422 3050 Apollo
443 2984 542 3034 Latona
566 2984 646 3033 Diana
664 2983 695 3033 cl.
718 2984 776 3033 Liv.
797 2984 816 3032 V
840 2984 922 3046 13,t;
946 2983 1096 3048 Marquardt
1113 2986 1130 3034 l.
1149 3002 1171 3036 c.
1189 2984 1220 3036 ΙΙΙ
1240 2984 1298 3034 345.
1334 2983 1379 3032 Si-

231 3067 330 3118 militer
349 3067 432 3116 llades
451 3066 571 3116 Demeter
589 3065 762 3130 Persephone,
785 3065 875 3130 quibus
901 3067 986 3116 eadem
1009 3068 1040 3116 de
1062 3083 1140 3118 causa
1163 3067 1264 3134 piacula
1287 3065 1379 3116 offere-

231 3148 323 3196 bantur
341 3146 373 3196 cl.
392 3146 515 3210 Phlegon.
542 3147 633 3196 mirab.
656 3148 701 3206 103
728 3143 1053 3212 lilausen.,Aen.12673
1080 3148 1236 3216 Marquardt.
1263 3146 1296 3198 tlt
1318 3147 1378 3200 351.

230 3229 316 3280 lovem
335 3229 443 3280 Martem
462 3227 604 3293 Quirinum,
623 3227 714 3294 quibus
732 3227 882 3278 Ambrosch.
901 3228 1116 3294 etSchweglerns
1135 3232 1260 3294 nituntur,
1279 3230 1379 3292 omitto,

230 3326 287 3360 cnm
300 3327 350 3360 non
362 3309 472 3360 triadem
483 3310 526 3358 sed
537 3310 643 3375 dyadem
656 3315 795 3373 praestent.
805 3337 838 3346 -
852 3309 900 3374 Qui
913 3312 1028 3376 proxime
1041 3313 1071 3361 de
1083 3313 1165 3364 triade
1178 3313 1280 3362 deornm
1292 3311 1379 3376 dispu-

231 3391 306 3452 tavit,
325 3391 458 3441 Bertrand.
479 3389 592 3454 (L’antel
611 3391 641 3439 de
659 3389 760 3440 Saintes
779 3397 804 3440 et
822 3391 861 3441 les
879 3391 977 3442 triades
998 3393 1142 3456 Gauloises,
1160 3392 1246 3444 Revne
1264 3390 1377 3442 archeol.

231 3489 255 3522 a.
271 3469 337 3522 1880
355 3473 407 3522 uel.
421 3471 453 3520 39
473 3487 496 3537 p.
510 3471 560 3544 337
571 3487 623 3537 sqq.
642 3479 669 3522 at
686 3471 739 3522 vol.
752 3473 785 3522 ln
803 3489 826 3538 p.
841 3473 939 3539 6sqq.),
957 3474 1022 3538 qnod
1040 3475 1095 3524 eius
1115 3475 1240 3538 originem
1259 3473 1289 3524 eh
1307 3471 1378 3522 ludis

230 3554 369 3604 ducendam
392 3567 449 3604 esse
468 3552 576 3617 censuit,
602 3569 650 3602 non
670 3553 827 3604 mirabimur.
863 3553 890 3604 ln
909 3555 964 3620 ipsa
983 3563 1066 3608 autern
1084 3555 1157 3606 ltalia
1181 3557 1277 3612 triades
1294 3554 1377 3604 luisse

231 3635 335 3683 deornm
353 3641 382 3684 ut
400 3635 597 3697 demonstraret,
617 3633 718 3685 minime
738 3635 763 3686 oi
781 3635 899 3698 contigit.
934 3635 999 3686 Nam
1017 3651 1056 3701 ea,
1076 3652 1138 3704 qnae
1157 3653 1202 3688 ex
1207 3637 1302 3688 tabulis
1320 3635 1378 3700 lgn-

229 3715 299 3765 vinis
318 3713 426 3780 prefert,
444 3713 561 3780 exempla
578 3715 654 3777 longe
673 3716 752 3768 aliter
769 3731 797 3766 sa
815 3716 918 3779 habere,
935 3717 993 3767 luce
1012 3718 1108 3769 clarius
1126 3726 1176 3770 est.

297 3795 340 3855 ⁸¹⁶)
359 3795 466 3846 Pansae.
484 3793 512 3846 Χ
531 3797 574 3846 51:
598 3792 642 3854 Ἐς
660 3796 689 3850 δὲ
711 3794 759 3850 τόν
776 3797 824 3850 ἐπὶ
844 3799 967 3866 Δελφῶν
987 3796 1100 3852 εὐθεῖαν
1122 3795 1326 3873 ἀναστρέψαντι
1347 3799 1378 3854 ἔτι

228 3873 364 3932 Δαυλίδος
380 3877 427 3926 καὶ
444 3871 517 3926 ἰόντι
535 3873 625 3928 tut
599 3894 630 3928 το
649 3871 757 3947 πρόσω,
776 3877 852 3932 ἔστιν
872 3873 1043 3949 οἰκοδόμημα
1061 3876 1119 3934 ἶν’
1102 3885 1233 3954 epaeneti
1245 3884 1290 3947 τῆς
1301 3879 1375 3946 ὁδοῦ,

228 3953 395 4023 καλούμενον
412 3953 548 4023 Φωκικὸν,
566 3953 627 4015 leo
649 3953 707 4010 ἀπὸ
726 3951 840 4025 ἑκάστης
861 3957 968 4018 πόλεως
991 3965 1119 4015 συνίασιν
1137 3966 1166 4016 ol
1188 3967 1306 4022 Φωκεις
1326 3981 1378 4032 με·

228 4038 305 4104 pedat
328 4037 380 4106 μὲν
401 4041 473 4106 μέγα
490 4040 525 4092 τὸ
543 4043 651 4108 οἴκημα,
669 4039 790 4098 embada
809 4038 895 4094 αὐτοῦ
912 4035 1084 4100 arduennensi
1103 4041 1190 4113 μῆκός
1207 4050 1277 4100 εἰσιν
1299 4045 1377 4113 ἑστη-

227 4111 316 4175 κότες·
336 4117 493 4188 ἀναβασμοὶ
510 4120 572 4173 δὲ’
557 4119 616 4173 απὸ
636 4123 692 4175 τῶν
713 4114 817 4176 κιόνων
838 4118 989 4190 ἀνήκουσιν
1012 4127 1038 4184 ἐς
1059 4121 1188 4200 ἑκάτερον
1208 4134 1310 4225 τοῖχον,
1330 4133 1378 4182 καὶ

227 4199 276 4251 ἐπὶ
293 4201 350 4254 τῶν
360 4198 532 4270 ἀναβασμῶν
542 4201 645 4256 cadram
658 4205 685 4256 ol
704 4197 843 4262 συνιόντες
861 4207 915 4258 τῶν
926 4209 1044 4259 Φωκέων
1060 4212 1237 4270 καθέζονται
1258 4209 1329 4282 πρὸς
1346 4209 1376 4264 dl

227 4283 264 4347 τῷ
281 4285 378 4353 πέρατι
399 4277 487 4341 κιόνες
507 4285 559 4352 μὲν
580 4283 629 4338 οὐκ
651 4287 731 4350 εἰσιν,
758 4284 821 4338 οὐδὲ
847 4283 1012 4355 ἀναβασμοὶ,
1039 4287 1107 4347 Διὸς
1134 4290 1164 4343 δὲ
1191 4288 1303 4362 ἄγαλμα
1329 4295 1377 4345 καὶ

226 4359 341 4429 ιθηνας
358 4362 422 4416 ual‘
423 4360 516 4434 ''Hpae
536 4365 566 4418 τὸ
583 4366 636 4434 μὲν
652 4367 681 4419 ἐν
698 4365 792 4434 θρόνῳ
809 4369 856 4418 τοῦ
874 4365 949 4433 Διὸς,
967 4367 1134 4440 ἑκατέρωθεν
1151 4371 1212 4426 dt‘
1197 4393 1213 4440 η
1235 4372 1288 4442 μὲν
1304 4370 1373 4426 κατὰ
