3114 5110
625 311 850 376 -23„

163 489 218 563 sit,
241 505 323 550 nunc
351 487 484 568 quaestio
513 491 571 550 liat.
616 491 712 570 Atque
734 489 804 550 illud
829 490 864 551 ad
888 489 1032 552 Oscorum
1063 496 1186 552 aetatem
1217 507 1309 552 revo-

164 589 290 649 candum
315 607 379 649 esse
402 589 554 650 Nissenius
578 590 701 660 censuit,
728 588 954 667 conprobavit.
999 589 1038 650 Ut
1061 589 1140 651 enirn
1163 589 1307 669 templum

162 690 239 750 intra
262 705 357 748 annos
382 687 443 748 300
466 695 495 748 et
514 689 573 749 100
596 689 748 750 conditum
773 689 967 761 demonstret,
990 707 1079 750 unam
1103 705 1219 749 causam
1244 705 1309 747 mo·

163 787 267 846 dolum
289 785 400 846 Oscum
423 786 592 865 profertll).
630 786 735 848 Omnia
759 787 794 846 ad
818 805 893 866 quac
916 786 1041 865 quadret
1066 786 1142 848 Osca
1171 803 1308 848 mensura

163 888 251 962 (quae
267 882 473 960 ostentam)
496 884 624 946 aedificia
647 885 681 945 ad
705 884 812 956 Oscos,
841 884 874 945 ad
902 903 977 963 quae
999 884 1130 945 Romana
1155 886 1310 964 (quaeest

163 981 316 1061 029600)
339 982 373 1042 00
390 983 539 1044 Romanos
562 983 712 1062 pertinere
736 1001 832 1060 neque
855 983 938 1062 prius
962 982 1110 1044 aedificata
1134 1000 1308 1062 essequam

130 1107 133 1112 ·
164 1081 245 1142 Sulla
269 1080 415 1142 coloniam
437 1081 595 1160 Pompeios
620 1083 785 1150 deduceret,
808 1080 942 1159 pluribus
965 1099 1111 1159 exponere
1127 1081 1234 1140 studet.
1272 1081 1310 1140 At

163 1179 240 1240 ratio
275 1197 337 1239 non
371 1187 504 1250 constat,
539 1199 605 1240 cum
636 1179 763 1252 llauius,
798 1179 850 1258 qui
881 1178 989 1240 iterum
1023 1179 1127 1257 templi
1154 1197 1310 1240 mensuras

165 1277 273 1354 exegit,
301 1277 383 1338 nullo
413 1278 502 1338 modo
531 1279 635 1356 pedem
663 1278 771 1340 Oscum
809 1297 845 1338 ex
870 1277 1019 1339 mensuris
1045 1276 1121 1337 011101
1147 1282 1228 1337 00010
1256 1275 1308 1336 de-

165 1374 367 1455 0οο000111).
617 1359 624 1374 '
970 1374 973 1380 ’

251 1474 354 1553 Neque
376 1473 466 1551 igitur
497 1473 652 1552 quisquam
682 1474 864 1554 temporibus
887 1474 1032 1536 Oscorum
1054 1472 1201 1552 Pompeiis
1224 1471 1308 1552 Capi-

162 1573 269 1634 tolium
292 1573 351 1632 iam
375 1572 522 1632 exstitisse
545 1571 706 1633 adducetur
729 1581 761 1632 ut
783 1572 920 1633 Nissenio
944 1570 1102 1647 credat⁶⁷t
1147 1571 1184 1631 lt
1207 1579 1309 1632 contra

165 1670 375 1738 Overbeckius‚
399 1688 467 1730 cum
491 1671 590 1730 iorum
615 1687 672 1730 una
696 1689 764 1730 cum
786 1670 928 1731 aedificiis
949 1670 984 1730 ad
1008 1677 1164 1748 praecepta
1187 1668 1309 1730 Vitruvii

164 1769 275 1846 optime
298 1768 431 1847 quadret,
454 1766 526 1827 illud
550 1767 714 1827 recentiore
737 1786 824 1847 qnam
849 1777 961 1828 ceteras
985 1768 1065 1828 urbis
1088 1775 1186 1846 partes
1214 1774 1309 1828 aetate

165 1867 351 1928 aedificatum
375 1865 410 1926 00
433 1863 577 1926 coloniam
593 1865 755 1926 Romanam
771 1873 904 1944 spectare
920 1886 951 1928 00
968 1885 1142 1945 persuasum
1164 1864 1308 1944 habet⁰⁸).

167 1964 287 2026 Colonia
310 1973 408 2024 autern
431 1963 462 2023 in
486 1963 625 2042 oppidum
648 1964 724 2025 bello
739 1963 863 2024 Marsico
886 1973 1004 2044 captum
1022 1965 1156 2043 maleque
1171 1965 1308 2026 allectum

164 2064 290 2124 deducta
321 2071 367 2122 est
397 2061 533 2133 080110,
566 2062 716 2122 0101010010
738 2063 923 2140 propinquo,
947 2081 1034 2140 quem
1058 2061 1157 2121 Cicero
1181 2080 1206 2121 a.
1230 2081 1258 2122 u.
1283 2081 1308 2123 c.

164 2161 226 2222 002
251 2160 286 2221 ab
311 2161 498 2221 accusatione
513 2159 663 2220 societatis
679 2159 865 2220 Catilinariae
887 2159 1100 2220 coniurationis
1117 2155 1307 2235 delendit⁶⁹).

171 2335 384 2344 -..—--—-

161 2467 227 2518 laiso
239 2467 370 2530 disputata
383 2463 527 2527 videantur,
545 2469 628 2512 tumen
641 2465 688 2513 hoc
702 2461 842 2527 proiecisse
856 2463 915 2512 mihi
930 2464 1026 2530 videor,
1040 2470 1067 2514 nt
1079 2465 1192 2516 Nissenii
1206 2481 1310 2516 errores

162 2550 293 2610 tollerem,
311 2546 403 2611 quippe
422 2545 464 2610 qui
483 2544 591 2594 maxime
609 2545 635 2594 id
655 2559 754 2607 agerem
774 2551 802 2595 01
819 2545 972 2609 1110000100,
996 2546 1039 2610 qui
1058 2563 1112 2596 cum
1132 2545 1258 2613 Capitolia
1277 2562 1309 2596 ex

161 2633 266 2694 antiqua
280 2627 399 2678 ltulorum
415 2627 540 2690 religione
556 2633 613 2676 orta
632 2641 689 2676 esse
705 2634 822 2690 censeat,
836 2628 883 2676 hoc
901 2642 998 2693 quoqne
1011 2628 1161 2692 Capitolium
1179 2629 1210 2679 00
1229 2627 1309 2680 Oscos

162 2712 292 2778 pertinere
312 2708 465 2770 imaginatus
485 2714 533 2770 cst,
551 2708 631 2758 nullis
649 2709 806 2771 argumentis
824 2709 903 2758 inniti
921 2711 1129 2760 demonstrarem.

231 2801 791 2868 mmmwmmmm.

232 2899 265 2964 ιο)
283 2898 368 2966 Symb.
388 2896 473 2963 Pomp.
493 2913 515 2962 p.
535 2895 586 2946 204
598 2912 635 2961 sq.
654 2923 686 2932 -
705 2894 807 2946 Nissen.
821 2897 838 2946 l.
852 2913 873 2946 c.
893 2912 917 2961 p.
930 2897 962 2946 90
980 2898 1105 2947 scalarum
1122 2897 1211 2962 pronai
1228 2897 1309 2947 001100

162 2996 282 3034 summam
308 2977 405 3030 iaciens
429 2985 558 3044 computat
579 2977 697 3041 304400.
716 2977 731 3026 i.
752 2992 773 3026 0.
793 2978 847 3042 ped.
867 2978 925 3028 Osc.
947 2977 994 3029 132
1020 2985 1047 3028 ct
1068 2992 1128 3028 sem.
1153 2979 1221 3038 (sive
1244 2978 1310 3043 quod

162 3080 186 3129 p.
207 3063 255 3112 365
282 3061 367 3113 voluit
395 3061 512 3124 oquin.
532 3059 548 3108 i.
568 3075 589 3110 0.
609 3060 664 3124 ped.
685 3059 741 3109 Osc.
764 3058 811 3110 133
840 3065 866 3108 et
894 3059 973 3122 sem).
1032 3058 1067 3108 At
1093 3057 1310 3109 0000οΜ00100

163 3143 251 3210 templi
273 3143 442 3207 longitudinis
466 3155 585 3192 summum
609 3155 664 3191 esse
688 3140 780 3206 probat
802 3156 816 3190 0
838 3147 912 3205 parte
935 3141 1026 3190 dextre
1048 3141 1179 3205 310100,
1204 3147 1310 3206 aparte

162 3223 421 3287 010101003095500.
470 3223 535 3273 8001
557 3229 640 3273 00100
659 3222 792 3284 cuneum,
813 3222 877 3271 idem
896 3222 960 3286 qnod
986 3221 1035 3274 134
1053 3229 1079 3272 et
1096 3237 1157 3272 sem.
1176 3223 1230 3288 ped.
1250 3221 1309 3272 Osc.

163 3315 189 3357 et
207 3307 267 3369 37‚c
277 3321 308 3355 m.
328 3306 393 3356 idem
406 3307 470 3370 quod
486 3305 533 3354 125
546 3304 601 3368 ped.
615 3304 684 3354 llorn.
698 3303 784 3370 ltaque
798 3319 926 3354 numerum
939 3302 1076 3354 Romanurn
1088 3304 1167 3354 multo
1181 3305 1310 3354 veriorem

164 3403 221 3439 0000
241 3403 313 3452 quarn
332 3387 425 3436 Oscum
442 3386 499 3436 1000
517 3387 613 3436 0100100
632 3394 679 3436 est.

232 3483 263 3544 ⁶⁷)
282 3481 347 3545 Quid
365 3487 449 3531 eutem
468 3481 514 3531 ille
533 3480 584 3529 sibi
602 3481 668 3532 velit
686 3497 741 3530 oum
759 3481 777 3531 l.
791 3497 812 3531 0.
831 3497 854 3546 p.
867 3481 966 3535 326l2'l
986 3481 1080 3546 templo
1099 3495 1187 3530 nomen
1206 3479 1310 3530 Cereris

163 3563 250 3614 Liberi
268 3563 377 3612 Liberae
397 3561 477 3622 10001,
499 3577 546 3624 ego
566 3577 614 3610 non
633 3561 765 3624 intellego.

232 3657 263 3719 ⁶⁸)
283 3657 300 3707 l.
319 3673 339 3706 0.
359 3673 382 3721 p.
401 3655 442 3718 02,
461 3655 505 3705 08;
530 3655 611 3718 „Eine
631 3655 721 3706 aweite
747 3655 875 3706 zwischcn
894 3657 949 3706 dcxn
968 3671 1020 3719 sog.
1040 3655 1170 3707 Pantheon
1189 3656 1237 3705 und
1256 3657 1310 3705 dem

164 3739 331 3800 Senaculum,
356 3737 433 3787 sowie
453 3737 509 3787 0100
528 3737 607 3785 dritta
626 3735 752 3786 zwischen
772 3736 828 3785 dem
847 3735 1002 3785 Chalcidium
1021 3735 1067 3786 001
1082 3737 1126 3786 000
1146 3735 1309 3786 0000001010-

163 3821 286 3872 iiihrende
306 3819 407 3869 Strasse
431 3818 488 3867 sind
513 3817 590 3866 durch
614 3817 684 3866 01000
703 3815 822 3866 0000000
846 3817 971 3867 00000000
990 3818 1100 3868 verbane
1117 3819 1166 3867 und
1186 3818 1211 3867 10
1231 3815 1305 3866 Seel-

164 3917 256 3966 500000
269 3899 440 3963 0000000011,
459 3900 499 3948 010
512 3897 620 3960 Buccis,
640 3898 697 3948 dass
716 3899 758 3947 das
777 3897 870 3946 Forum
889 3899 946 3948 0100
960 3899 1057 3962 Anlage
1067 3899 1192 3963 jiiogeren
1205 3897 1309 3948 Detums

164 3985 201 4034 ist
223 3983 263 4031 als
286 3981 326 4030 die
349 3979 460 4030 anderen
480 3977 570 4028 Theile
593 3979 638 4028 der
657 3980 730 4029 Studt
753 3979 801 4026 000
826 3979 850 4027 10
875 3979 962 4029 001000
982 3979 1094 4042 jetzigen
1116 3995 1180 4042 ganz
1200 3979 1309 4031 Vitruvs

163 4060 345 4116 Vorselxriiten
370 4061 587 4128 entsprechenden
613 4059 714 4110 Gestalt
740 4061 951 4110 wahrscireinlich
974 4068 1028 4110 erst
1051 4077 1096 4111 aus
1118 4063 1163 4111 der
1182 4061 1240 4111 Zeit
1264 4063 1309 4110 der

165 4144 306 4194 rtimischen
326 4142 511 4208 Colonisution,
529 4157 603 4191 wenn
622 4141 693 4192 nicht
711 4157 756 4192 aus
775 4141 923 4206 derjenigen
943 4143 1007 4192 nach
1026 4143 1080 4192 dem
1098 4141 1232 4194 Erdbeben
1251 4157 1309 4194 vom

166 4227 243 4276 Jahre
263 4224 295 4275 63
314 4224 442 4274 stammt.“

234 4320 266 4382 ⁸⁹)
285 4319 337 4371 Cic.
357 4333 404 4384 pro
422 4317 493 4368 Sulla
515 4335 537 4369 c.
556 4317 619 4369 XXl
638 4318 679 4369 02.
