3086 5110
595 370 817 434 ..57-

137 552 219 612 Idem
234 549 366 630 luppiter
381 548 504 628 (Victori
521 547 701 626 Capitolinus
718 548 801 608 sedet
822 547 852 608 iu
868 548 978 628 templo
994 547 1146 626 tetrastylo
1162 545 1273 608 babens

138 649 239 710 dextra
264 667 352 708 manu
377 645 559 706 Victoriolam
583 645 702 706 sinistra
726 646 839 705 hastam
849 645 911 719 111).

222 745 341 806 Accedit
364 745 468 806 tertius
491 761 633 804 nummus
657 761 701 821 ap.
724 742 834 803 Mionet
856 743 896 802 lll
918 762 947 822 p.
965 741 1026 802 314
1048 761 1077 803 n.
1096 743 1152 804 61:

343 839 756 906 zetcitauitodios
785 839 1063 900 ΑΝΤΙΟΧΕΩΝ.

137 943 270 1024 luppiter
292 947 349 1002 stat
370 941 471 1002 dextra
495 947 625 1018 pateram
649 938 768 999 sinistra
792 939 905 999 hastam
929 939 1038 998 ferens.

577 1113 658 1168 Teos
680 1106 823 1186 (Lydiae).

221 1235 251 1296 C.
268 1235 289 1294 1.
306 1234 356 1294 Gr.
373 1232 471 1292 3074:
497 1229 581 1304 Διὸς
600 1235 742 1313 Κτησίου
763 1228 767 1314 Ι
788 1228 871 1303 Διὸς
897 1227 1113 1294 Καπετωλίου
1133 1229 1137 1315 Ι
1154 1227 1275 1313 Ῥώμης

138 1335 142 1416 Ι
160 1323 294 1409 ἀγαθοῦ
316 1329 547 1412 eatpovocffl).

551 1505 689 1575 Smyrna
711 1497 853 1577 (Lydiae).

221 1625 251 1687 C.
267 1625 289 1685 1.
306 1624 355 1686 Gr.
373 1623 469 1686 3153:
505 1619 683 1698 ΚλαυΙδίου
715 1617 944 1706 Μενεκράτους
963 1620 967 1704 Ι
993 1667 1074 1684 ....
1097 1620 1276 1702 ΚλΙαύδιος

140 1720 360 1804 ΤιμοκλΙέΙους
378 1719 381 1803 Ι
405 1766 436 1782 ..
454 1766 461 1782 .
478 1741 563 1795 αιυς,
590 1716 694 1804 ἱερεὺς
718 1719 800 1794 Διὸς
827 1719 1063 1800 ΚαπεΙτωλίου]
1081 1767 1089 1783 .
1106 1768 1139 1784 ..

542 1897 706 1952 Antiochia
730 1888 867 1970 (Syriae).

220 2016 382 2077 Antiochus
399 2015 575 2095 Epiphanes,
599 2024 720 2078 octavus
737 2015 968 2086 Seleucidarum
991 2015 1043 2095 qui
1058 2015 1129 2093 iude
1143 2016 1179 2076 ab
1195 2033 1275 2076 auno

134 2135 164 2176 u.
186 2135 210 2176 c.
228 2114 290 2175 579
315 2132 409 2192 usque
432 2114 466 2174 ad
491 2132 516 2174 a.
539 2112 600 2175 590
623 2113 762 2190 regnavit,
791 2122 948 2192 postquam
978 2113 1028 2173 diu
1056 2113 1166 2174 Romae
1188 2113 1274 2175 obses

133 2215 192 2276 luit
219 2213 412 2292 moribusque
440 2213 582 2273 Romanis
611 2212 767 2272 institutus
790 2219 849 2282 est,
879 2220 913 2272 ut
935 2211 1014 2272 urbis
1037 2211 1168 2273 dominis
1191 2212 1275 2274 blan-

135 2313 264 2390 diretur,
292 2312 435 2390 templum
464 2311 540 2372 levis
563 2311 719 2390 Capitolini
742 2310 1013 2390 splendidissimum
1036 2311 1206 2372 Antiochiae
1230 2312 1276 2371 f-

135 2411 249 2484 cit⁹¹⁸l.
293 2409 378 2484 Quod
406 2427 473 2469 cum
501 2409 630 2488 posteris
663 2408 848 2489 temporibus
878 2410 1002 2487 periret,
1031 2409 1176 2486 Tiberius,
1206 2430 1273 2472 eum

133 2532 346 2544 ....------

134 2579 230 2630 Notata
249 2579 349 2641 dignum
369 2577 478 2636 videtur,
497 2577 562 2640 quod
580 2577 626 2626 illa
645 2591 696 2626 vox
714 2570 799 2638 „Zaba
816 2571 1019 2631 Καπιτωλιεύό(
1037 2584 1140 2642 praeter
1158 2579 1225 2627 hune
1237 2579 1275 2629 lo-

134 2677 190 2712 eum
212 2674 332 2724 nusquam
356 2658 422 2723 qued
445 2657 522 2707 sciam
546 2658 674 2720 occurrit;
697 2655 778 2707 lorma
797 2658 863 2707 euim
882 2658 1006 2709 adiectivi
1029 2657 1161 2710 invenitur
1179 2663 1276 2711 Καπι-

133 2739 235 2802 τώλιος,
250 2735 431 2803 Καπετώλιος,
443 2741 644 2804 Καπετωλῖνος,
656 2740 866 2802 Καπιτωλεῖυος,
884 2738 927 2789 sed
942 2755 1060 2804 nusquam
1079 2736 1274 2798 Καπιτωλιεύς.

202 2819 462 2888 ’11),Εο1111ο1.1ἶοῐο1.
482 2821 547 2870 blus.
558 2821 665 2870 Vindeb.
684 2819 693 2870 l
711 2837 734 2886 p.
750 2820 806 2882 111,
825 2821 854 2870 b.
866 2818 897 2869 N.
915 2818 936 2870 ll
954 2837 976 2885 p.
992 2820 1055 2883 5743
1077 2822 1182 2872 Mienet.
1202 2822 1233 2873 lll
1250 2841 1274 2889 p.

134 2903 183 2954 eit
203 2919 226 2954 n.
241 2902 280 2952 82.
316 2899 430 2951 Delove
449 2899 556 2952 Victore
573 2902 631 2950 vide
649 2916 725 2966 supra
744 2916 763 2950 s.
782 2916 806 2951 ν.
826 2901 905 2950 Cirta.

202 2981 247 3047 ἰτ)
268 2983 401 3046 „Litterae
420 2983 485 3033 satis
503 2983 601 3048 quiden
619 2983 695 3034 rudes
713 2989 786 3044 aant3
805 2983 848 3032 sed
868 2982 947 3032 nihilo
966 2983 1047 3034 minus
1059 2984 1152 3034 titulus
1165 2985 1274 3050 impera-

134 3074 216 3117 tarum
235 3071 319 3115 aetate
338 3065 411 3130 prior
428 3064 541 3127 videtur,
564 3071 590 3113 et
608 3061 719 3114 sortasse
737 3065 787 3114 iam
810 3072 862 3115 tarn
880 3063 972 3126 lactus,
996 3080 1069 3130 quum
1094 3065 1274 3129 Pergamenum

133 3162 238 3212 regnum
255 3146 281 3195 iu
300 3145 467 3196 Romanorum
486 3152 639 3212 potestatem
656 3146 785 3196 veniret“.
822 3145 955 3195 Francius.

201 3227 244 3289 ¹¹⁸)
263 3227 321 3277 Liv.
339 3225 399 3277 XLI
417 3227 461 3276 25:
485 3226 536 3291 „Et
554 3228 707 3278 Antiochiae
724 3226 794 3278 levis
818 3227 956 3292 Capitolini
979 3227 1137 3290 magnificum
1154 3229 1274 3294 templum

133 3325 183 3359 nou
201 3307 344 3372 laqueatum
367 3323 430 3358 auro
456 3315 555 3360 tantum
573 3309 616 3358 sed
639 3309 780 3375 parietibus
804 3309 869 3358 tatis
892 3308 983 3357 lamina
1006 3308 1148 3357 inauratum
1175 3315 1202 3358 ct
1223 3309 1274 3360 alia

133 3389 213 3440 multa
231 3388 256 3436 in
276 3388 336 3437 aliis
354 3388 418 3438 locis
438 3389 577 3454 pollicitus,
595 3390 653 3455 quia
666 3390 792 3455 perbreve
804 3396 902 3454 tempus
913 3389 986 3450 regni
999 3386 1056 3450 suit,
1076 3403 1123 3436 nen
1140 3387 1274 3454 perleeit“.

135 3467 201 3520 ldern
220 3465 302 3518 refert
325 3466 434 3518 Granius
458 3469 605 3520 Licinianus
628 3487 652 3536 p.
665 3470 698 3520 46
722 3469 769 3533 led.
785 3469 890 3526 Pertzl:
919 3468 1054 3533 „extendit
1077 3469 1139 3518 duos
1158 3469 1273 3520 colossus

133 3548 433 3600 duodenumcubitoram
451 3565 483 3599 ex
502 3565 570 3614 aare,
588 3565 663 3600 auum
676 3550 794 3617 Olympio
813 3550 922 3600 alterum
934 3549 1080 3615 Capitolino
1093 3547 1171 3598 lovi“.
1206 3548 1273 3600 Idem

132 3631 266 3700 Polybium
285 3632 386 3682 tradere
405 3633 610 3698 exspectaverim
633 3641 659 3682 at
684 3633 728 3683 ille
753 3631 893 3695 fragmento
916 3631 978 3682 libri
1002 3629 1091 3682 XXVI
1110 3631 1151 3694 10,
1173 3631 1202 3682 11
1223 3629 1273 3695 (ed.

132 3711 256 3775 Diodori.)
275 3713 305 3762 de
325 3713 402 3764 nimia
421 3713 493 3762 illius
511 3715 538 3763 in
556 3714 631 3764 rebus
651 3713 733 3764 sacris
751 3713 891 3776 largitione
908 3713 960 3762 bac
976 3719 1072 3761 tanturn
1091 3711 1208 3762 exhibet:
1229 3709 1274 3774 „dv

134 3790 162 3843 dt
179 3783 238 3849 ταῖὲ
256 3789 327 3864 πρὸς
344 3789 392 3849 τὰς
410 3789 503 3851 πόλεις
519 3797 630 3850 θυσίαις
652 3796 698 3844 καὶ
714 3799 774 3850 ταῖς
792 3791 865 3863 πρὸς
882 3788 944 3850 τοὺς
961 3788 1042 3849 θεοὺς
1060 3795 1151 3859 τιμαῖς
1168 3785 1275 3848 πάντας

132 3869 280 3944 ὑπερέβαλε
295 3869 356 3930 τοὺς
373 3871 619 3940 βεβασιλευκόταςίι.
653 3876 737 3926 Etiam
754 3875 808 3928 lavi
827 3875 928 3926 Victori
953 3874 1000 3926 ille
1025 3891 1073 3924 rex
1090 3874 1210 3938 templum
1229 3888 1274 3922 ex·

133 3953 259 4003 struxisse
278 3955 389 4020 videtur,
415 3972 471 4006 cum
489 3957 515 4007 in
535 3959 641 4007 nummis
660 3957 714 4008 eius
737 3957 828 4007 obvius
847 3958 899 4018 liat,
925 3973 946 4007 e.
965 3974 988 4021 g.
1012 3973 1051 4022 ap.
1072 3955 1176 4006 Eckbel.
1195 3956 1223 4005 h.
1244 3953 1273 4006 N.

132 4039 164 4091 111
182 4041 244 4091 224:
261 4036 442 4099 ΒΑξΙΛΕΩξ
454 4071 461 4086 ·
473 4037 673 4100 ΑΝΤΙΟΧΟΥ
685 4070 692 4084 ·
704 4037 811 4100 ΘΕΟΥ
823 4071 829 4086 ·
844 4037 1072 4102 ΕΠΙΦΑΝΟΥξ.
1109 4041 1223 4108 Iuppiter
1233 4057 1274 4092 ee-

131 4134 249 4184 nrinudus
277 4135 366 4184 sedens
393 4137 483 4186 dextra
517 4134 569 4187 lert
596 4136 747 4198 Victoriam,
776 4137 883 4186 sinistra
909 4138 1015 4186 hastam.
1063 4137 1177 4188 Discidio
1204 4138 1274 4187 iuter

131 4216 305 4266 Alexandrum
322 4215 491 4268 Zabbiaaeuna
509 4224 535 4267 et
554 4217 704 4267 Antiochum
723 4217 836 4283 Grypum
855 4217 910 4282 (qui
927 4218 1044 4280 regnavit
1062 4218 1119 4268 inde
1138 4217 1168 4267 ab
1186 4233 1209 4268 a.
1225 4218 1272 4267 125

131 4311 154 4346 a.
168 4295 237 4358 Chr.)
257 4303 314 4346 orte
328 4297 400 4347 illiue
412 4296 481 4348 lovis
494 4298 609 4350 Victoris
621 4298 721 4362 signum
733 4298 764 4349 ab
783 4299 828 4348 illo
842 4299 952 4348 ablatum
971 4305 1020 4362 est,
1038 4299 1060 4349 si
1078 4299 1189 4360 Trogum
1202 4297 1272 4347 Pom-

131 4377 213 4442 peiam
232 4377 347 4428 audinus
366 4377 407 4440 39,
427 4381 452 4430 1:
472 4379 518 4442 „tt
536 4379 626 4430 deinde
643 4378 711 4430 inter
723 4394 798 4442 reges
810 4379 943 4445 proelium,
963 4394 1010 4444 quo
1027 4380 1112 4430 victus
1124 4378 1272 4431 Alexander
