3086 5110
724 315 855 430 256
902 402 944 414 ..

262 541 355 602 moris
377 549 514 604 auctores
537 541 602 602 sine
626 541 714 603 duhio
736 542 859 604 luerunt
880 561 974 622 reges,
1006 544 1056 624 qui
1080 543 1136 605 hoc
1163 545 1212 606 illo
1242 547 1327 608 cultu
1350 548 1423 608 Ro-

264 654 421 700 manorum
442 638 587 700 imitando
610 639 654 700 vel
675 657 751 702 novo
774 641 956 702 instituendo
979 642 1059 702 orbis
1075 641 1264 704 dominorum
1281 645 1422 722 gratiam

262 735 318 798 sihi
334 735 523 798 reconciliare
542 736 711 798 studebant.
756 739 841 800 Velut
863 737 1026 799 Antiochus
1049 739 1226 818 Epiphanes,
1249 742 1299 821 qui
1325 761 1421 802 mor-

262 842 332 896 tuus
356 841 401 894 est
424 853 448 895 a.
466 853 494 895 u.
510 853 535 894 c.
552 831 625 904 590,
655 853 722 896 oum
746 835 796 896 dio
819 835 905 897 obses
927 835 1031 896 luisset
1057 836 1260 898 Romanorum
1286 857 1421 900 eorum-

264 951 322 1012 que
344 931 477 994 moribus
499 933 611 993 Romae
640 931 794 994 institutus
826 941 919 1007 esset,
953 951 1045 1012 regno
1074 933 1174 1013 Syriae
1202 945 1349 1015 occupato
1381 946 1421 998 ut

262 1029 404 1092 Romanis
433 1030 615 1092 blandiretur
645 1030 817 1092 Antioohiae
844 1031 921 1092 lovis
947 1031 1102 1110 Capitolini
1131 1033 1418 1111 splendidissimum

262 1130 408 1208 templum
430 1127 625 1208 perreeit²1⁸).
670 1129 755 1200 Quod
778 1130 910 1190 studium
933 1130 1136 1189 Romanorum
1159 1133 1356 1208 proconsules
1374 1141 1420 1202 et

262 1226 456 1306 imperatores
479 1225 685 1287 liberalissime
699 1225 886 1298 adiuverunt,
909 1227 1016 1308 quippe
1032 1246 1159 1306 quorum
1176 1229 1300 1290 vinculis
1316 1250 1416 1309 quarn

262 1325 417 1386 artissimis
451 1325 617 1404 provincias
653 1323 804 1385 continere
836 1324 964 1386 maxime
993 1325 1143 1386 intererat
1200 1327 1259 1386 Sed
1286 1335 1415 1408 tempus

263 1423 368 1484 estad
391 1423 495 1503 oppida
519 1423 591 1502 ipsa,
612 1421 648 1482 'in
671 1421 778 1501 quibus
801 1421 941 1502 Capitolia
965 1423 1056 1484 luisse
1078 1423 1275 1485 demonstrari
1298 1433 1415 1506 potest,

262 1521 384 1600 propius
407 1521 555 1582 accedere.

710 1623 794 1694 Nysa
817 1616 955 1696 (Cariae).

347 1715 389 1776 Ac
411 1714 586 1795 Capitolium
610 1715 728 1794 quidem
759 1715 904 1794 significat
931 1715 1036 1777 titulus
1059 1716 1089 1777 C.
1107 1717 1129 1776 Ι.
1145 1715 1195 1776 Cr.
1212 1715 1307 1791 2943,
1330 1719 1410 1796 prid.

262 1814 305 1873 ld.
328 1813 402 1890 Aug.
425 1833 450 1874 a.
466 1833 496 1874 u.
513 1831 537 1873 o.
556 1811 617 1873 753
641 1813 837 1892 conscriptus,
860 1831 921 1892 quo
944 1813 1038 1892 agitur
1061 1814 1097 1874 de
1119 1813 1207 1874 sacris
1229 1815 1411 1894 quibusdam

262 1909 406 1972 beneficio
430 1910 631 1972 Romanorum
662 1917 691 1972 et
712 1909 899 1989 imperatoris
922 1910 1111 1971 confirmatis.
1157 1911 1199 1972 lhi
1230 1913 1267 1973 ad
1293 1932 1411 1974 annum

263 2009 478 2087 designandum
500 2009 618 2070 additur
632 2009 714 2070 urbis
731 2027 893 2088 eponymos
909 2009 1075 2083 Diomedes,
1098 2009 1149 2090 qui
1164 2010 1253 2072 simul
1269 2019 1315 2074 est
1331 2013 1411 2075 lovis

263 2107 418 2186 Capitolini
440 2107 579 2168 sacerdos
601 2106 835 2187 perpetuus²¹⁴).
880 2107 956 2167 lovis
978 2116 1075 2168 autem
1094 2107 1248 2187 Capitolini
1269 2111 1411 2172 sacerdos

264 2215 411 2266 essenon
433 2213 532 2286 potest
554 2207 613 2267 nisi
636 2206 686 2268 ubi
710 2205 885 2284 Capitolium
909 2213 963 2266 est.

673 2311 838 2366 Antiochia
860 2303 996 2381 (Cariae).

350 2400 412 2462 llac
433 2401 465 2462 iu
488 2401 560 2462 urhe
584 2403 684 2463 lovem
701 2401 898 2481 Capitolinum
922 2401 1035 2462 cultum
1050 2401 1255 2484 templumque
1271 2403 1410 2465 habuisse

264 2497 368 2576 colligo
392 2519 427 2560 ex
449 2500 581 2562 nummis
603 2499 644 2560 ihi
667 2501 760 2573 cusisa
788 2501 932 2578 scriptum
955 2499 1037 2560 enim
1067 2499 1200 2560 videmus
1227 2499 1259 2560 in
1282 2518 1410 2562 nummo

263 2595 301 2656 M.
325 2597 448 2658 Aurelii:

450 2691 1214 2756 ΖΘΥΟ·ΚΑΠΙΤΩΛΙΘΥΜΝΤΙΟΧΘΩΝ.

263 2792 396 2872 luppiter
418 2791 598 2872 Capitolinus
622 2792 728 2854 sedens
752 2793 928 2854 dextralem
947 2793 1072 2862 hastam,
1094 2791 1213 2852 sinistra
1228 2793 1405 2864 Victoriam

264 2909 300 2951 ex
321 2909 424 2952 averso
447 2891 578 2952 Fortuna
605 2899 688 2952 stans
717 2909 785 2952 curn
809 2889 1030 2964 attributis¹¹⁶).
1074 2889 1108 2950 ln
1138 2891 1229 2951 altero
1258 2891 1310 2970 qui
1338 2910 1406 2971 per·

164 2999 166 3003 ’
263 2989 339 3049 tinet
361 2989 396 3050 ad
419 2989 607 3051 Antoninum
630 2989 717 3049 Pium
740 3007 865 3050 nummo
888 2988 1010 3066 legitur:

245 3090 246 3094 ’
478 3083 1183 3148 ΖΘΥΒ·ΚΑΠΘΤ···Ο·ΑΝΤΙΟΧΘΩΝ.

263 3239 315 3290 niis
333 3255 382 3289 nou
406 3239 512 3290 multum
535 3239 567 3289 ad
589 3254 642 3290 rem
666 3246 725 3289 sunt
749 3239 854 3306 Corippi
877 3255 970 3290 versos
998 3239 1037 3302 (de
1057 3239 1124 3288 laud.
1142 3237 1203 3289 lost.
1223 3238 1288 3302 Aug.
1306 3237 1402 3290 111121

263 3321 373 3384 -125):
401 3319 474 3387 „lpse
496 3320 683 3387 triumphorum
709 3337 755 3386 per
774 3321 873 3383 singule
901 3336 963 3372 vasa
988 3335 1090 3369 suorum
1113 3319 1249 3368 Barbarico
1272 3320 1405 3371 historiam

263 3403 321 3454 fleri
334 3403 501 3453 mandaverat
513 3415 585 3464 auro,
604 3399 728 3466 Tempore
745 3417 793 3467 quo
812 3401 894 3467 captis
912 3401 1002 3451 iniecit
1015 3400 1101 3450 vinclo
1114 3399 1231 3466 tyrannis
1244 3399 1405 3464 lastinianus,

264 3499 344 3534 ovans
363 3489 454 3548 quarto
473 3497 528 3532 euru
541 3483 646 3534 consule
659 3483 776 3548 princeps
796 3484 856 3532 Alta
868 3481 1015 3548 triumphali
1034 3480 1276 3544 tereret'Capitolia
1293 3481 1405 3548 pompa“.

332 3565 374 3626 ⁹¹⁸)
394 3565 437 3616 Sic
455 3565 622 3631 smyrneoses
641 3581 705 3615 anuo
730 3581 752 3616 a.
772 3565 830 3615 Chr.
852 3565 900 3614 195
919 3581 946 3616 se
964 3565 1060 3630 primos
1083 3564 1149 3614 Deae
1172 3562 1265 3614 Romae
1287 3565 1405 3630 templum

263 3643 357 3696 iecisse
375 3646 528 3709 gloriantur,
548 3645 657 3697 Prcller.
693 3645 801 3713 Mythol.
821 3645 891 3695 Rern.
909 3643 948 3695 11⁸
966 3645 1023 3694 354.
1062 3644 1144 3709 Atque
1157 3643 1243 3694 Asiam
1261 3645 1405 3710 provincia·

262 3743 318 3778 rum
337 3727 445 3777 omnium
468 3727 576 3778 maxime
595 3727 688 3778 Romae
711 3735 738 3778 et
760 3727 956 3793 imperatoribus
979 3726 1074 3792 templa
1097 3727 1259 3776 exstruxisse
1282 3734 1309 3776 et
1330 3726 1404 3778 Urbis

263 3810 382 3875 quosdam
406 3823 489 3858 mores
512 3815 539 3858 et
557 3809 677 3861 instituta
695 3809 817 3860 imitando
837 3809 980 3875 exprimere
998 3807 1128 3858 studuisse
1146 3809 1238 3858 dorent
1260 3823 1316 3858 cum
1334 3807 1404 3857 tituli

263 3895 316 3940 tum
334 3890 378 3939 vol
395 3889 504 3939 maxime
522 3891 622 3940 nummi.
658 3891 688 3942 ll.
707 3905 730 3953 g.
755 3889 908 3940 Antiochiae
930 3889 1043 3939 Pisidiae
1066 3904 1114 3937 non
1139 3888 1221 3938 solum
1242 3887 1316 3938 vicus
1340 3885 1404 3938 Ger·

262 3971 344 4020 malus
363 3969 399 4034 (C.
414 3969 430 4020 l.
445 3970 474 4019 L.
487 3969 519 4020 lll
532 3971 591 4033 296)
610 3978 637 4021 et
653 3971 781 4022 Velabrus
801 3971 844 4031 (ih.
864 3969 923 4030 289)
949 3970 994 4020 sod
1013 3969 1090 4019 etiam
1108 3966 1206 4018 Tuscus
1226 3969 1294 4020 sicut
1312 3967 1403 4018 Romae

263 4049 443 4102 inveniebatur
461 4052 502 4114 (ih.
523 4052 598 4115 297);
616 4053 647 4103 de
666 4053 733 4102 ludis
753 4051 904 4117 Capitolinis
923 4050 982 4100 vide
1000 4066 1047 4100 nos
1065 4049 1121 4100 ado.
1141 4048 1164 4100 3.

330 4131 375 4198 ¹¹⁴)
390 4129 506 4203 ‘Haeduae
520 4125 623 4200 Ῥώμης
640 4135 686 4183 καὶ
704 4123 910 4202 Αὐτοκράτορος
927 4133 1068 4199 Καίσαρος
1090 4129 1244 4194 Σεβαστο[ῦ
1260 4127 1405 4198 ‘Iipuxllat-

263 4213 311 4265 dou
328 4215 378 4263 τοῦ
394 4209 579 4281 Ἡρακλείδου,
597 4215 822 4283 Μασταορείτου·
841 4201 1056 4282 στεφανηφόρον
1073 4205 1252 4274 Διομίή]δους
1263 4209 1311 4260 τοῦ
1326 4206 1404 4273 Ἀθη-

256 4291 383 4364 ’ναγόρου
399 4293 447 4344 τοῦ
463 4291 650 4361 Διομ[ἠ]δους,
667 4293 756 4364 lapdon
773 4289 843 4348 Διὸς
859 4291 1042 4343 Καπετωλίου
1059 4285 1105 4340 ded
1123 4292 1185 4353 βίου
1197 4299 1244 4338 ...“

331 4375 375 4441 ¹¹⁸)
392 4375 517 4428 Vaillaut.
535 4391 559 4440 p.
572 4375 613 4425 49.
632 4375 696 4438 2933
719 4373 822 4424 llckhcl.
842 4372 863 4423 ll
880 4389 902 4439 p.
918 4373 981 4434 5743
1005 4369 1104 4421 ldionet
1120 4367 1152 4419 Ill
1172 4385 1195 4434 p.
1206 4369 1255 4423 317
1275 4387 1298 4421 a.
1312 4370 1352 4422 83.
1372 4397 1403 4406 -
