3114 5110
600 356 814 420 ..gg„.¹

137 534 173 594 ad
202 532 429 594 sacrificandum
459 539 559 610 parato
586 531 734 609 alligatum
764 532 801 590 de
823 530 904 590 collis
927 530 1079 592 cacumine
1105 536 1191 590 tauro
1219 530 1273 589 sti-

137 630 224 692 mulis
246 629 368 692 inoitato
393 629 528 702 detraxit,
551 647 611 708 quo
633 632 745 690 fautum
768 637 821 699 est,
846 628 943 690 utillo
959 628 1054 707 eapite
1069 628 1170 700 scisso,
1194 645 1273 688 mar-

135 727 203 808 tyrii
225 736 350 788 mortem
374 725 599 806 oppeteretllll.
904 787 907 796 ,

221 825 317 885 Medio
344 843 414 884 aevo
442 823 575 902 Capitolii
602 841 711 883 nomen
738 823 810 883 falso
831 823 1006 884 translatum
1029 831 1075 884 est
1101 824 1136 884 ad
1163 822 1273 884 auriana

138 931 167 984 et
191 923 391 1002 magistratum
409 923 587 983 Tolosanum
604 922 839 999 significandum,
862 941 929 982 eom
953 930 1051 982 tamen
1067 923 1174 982 rectius
1195 922 1273 982 ouria

138 1021 307 1100 capitulum,
331 1021 518 1098 magistratus
542 1019 703 1099 capitularii
729 1019 784 1079 diei
800 1019 951 1080 deberent.
995 1021 1097 1099 ltaque
1114 1022 1274 1081 aarerrdum

139 1119 203 1190 erit,
227 1119 366 1188 poinde,
390 1118 470 1196 quod
494 1135 602 1178 nomen
629 1117 765 1205 Capitolii
793 1117 1001 1178 instrumentis
1030 1117 1094 1178 aevi
1123 1117 1211 1178 medii
1238 1118 1275 1178 ad

138 1217 247 1277 curiam
272 1217 317 1277 rel
339 1217 544 1294 magistratum
567 1215 790 1293 intelligendum
813 1215 886 1276 falso
909 1223 1077 1296 usurpatur,
1101 1215 1275 1295 Capitolium

136 1333 231 1393 usque
253 1315 288 1375 ad
313 1333 346 1374 ea
369 1323 502 1394 tempora
525 1313 651 1392 riguisse
673 1312 936 1392 oxisitimetur¹³⁸).

204 1449 248 1513 ¹⁸⁷)
266 1451 343 1501 Cuius
370 1451 506 1500 relationis
533 1451 670 1500 eommunis
697 1449 807 1500 fortasse
834 1449 890 1500 lons
913 1457 954 1500 est
980 1449 1121 1514 singularis
1144 1449 1276 1500 Saturnini

135 1531 227 1594 missa,
255 1545 327 1596 quam
355 1531 436 1581 edidit
461 1531 626 1582 illabilloaius
653 1532 721 1581 iuter
749 1531 880 1595 Liturgias
907 1530 1054 1581 Gallicanas
1076 1531 1121 1581 lia.
1141 1531 1165 1580 3.
1208 1529 1277 1580 luter

136 1613 278 1678 scriptores
306 1613 348 1678 qui
374 1613 469 1678 primus
496 1613 526 1664 ad
554 1629 609 1664 eam
635 1613 756 1678 respioit,
790 1620 830 1662 est
856 1612 1030 1678 Appolliuaris
1057 1613 1190 1674 Sidonius,
1218 1613 1276 1663 iude

135 1693 167 1744 ab
190 1709 254 1744 anno
279 1693 329 1742 472
352 1693 525 1747 Arvernorum
548 1693 694 1761 episeopus,
718 1693 761 1760 qui
783 1693 858 1758 epist.
877 1691 913 1742 lX
932 1694 963 1744 16
986 1693 1024 1744 sio
1046 1699 1152 1744 mortem
1174 1691 1277 1743 Saturni

136 1775 272 1826 describit:

406 1911 410 1920 δ
473 1855 494 1904 Ε
513 1854 602 1920 quihus
621 1855 728 1919 primum
745 1855 807 1904 mihi
825 1853 920 1919 psallat
937 1855 1043 1920 hymnus

478 1936 520 2000 qui
539 1935 683 1988 Tolosatem
702 1935 786 1985 tenuit
804 1936 957 1998 cathedram,

477 2017 606 2078 degrada
625 2031 720 2066 summo
739 2016 918 2080 capitoliorum

475 2098 676 2162 praecipitatum.

474 2203 551 2268 Quam
570 2211 716 2264 negatorem
733 2202 802 2254 Iovis
820 2219 849 2254 ae
868 2203 1000 2256 Minervae

477 2293 503 2336 et
521 2285 606 2336 erneis
626 2283 722 2334 Christi
740 2283 805 2336 bona
817 2283 978 2336 eouliteutem

478 2366 563 2416 vinxit
581 2367 611 2416 ad
630 2366 701 2416 tauri
719 2365 787 2416 latus
806 2366 934 2432 iniungati

477 2447 548 2512 plebs
562 2445 707 2498 furibunda.

139 2553 188 2619 Qui
207 2554 294 2606 eodem
312 2551 366 2604 lero
384 2570 431 2619 quo
451 2551 591 2618 Gregorius
609 2553 767 2604 Turonensis
784 2561 897 2619 tompore
910 2555 977 2605 vixit
995 2554 1136 2606 Venautius
1148 2553 1279 2604 Fortuna-

137 2644 179 2686 tus
198 2635 329 2688 Sidonium
347 2645 448 2688 secutus
467 2637 552 2688 saneti
570 2636 656 2688 laudes
674 2636 807 2702 praedicat
824 2637 865 2686 lais
883 2637 1000 2687 versibus
1018 2633 1134 2701 (misaeli.
1153 2635 1175 2686 ll
1197 2638 1251 2700 11):

356 2733 402 2784 sed
419 2731 511 2784 vitiata
528 2732 604 2782 malis
622 2739 649 2782 at
667 2731 739 2797 plebs
758 2729 851 2780 inlecta
869 2731 974 2782 venenis

355 2814 441 2864 ourani
460 2813 584 2874 effugiens
602 2827 681 2875 aegra
698 2813 784 2864 iacere
802 2813 900 2864 voleus.

357 2893 520 2960 comprendit
537 2893 682 2944 malesana
699 2893 794 2954 virumg
813 2893 844 2942 ad
862 2881 995 2958 Capitolia¹
1006 2893 1080 2944 duxit

357 2983 432 3040 atque
450 2991 496 3025 suo
515 2975 612 3026 medico
631 2975 738 3026 vulnera
756 2975 829 3040 plura
849 2975 926 3026 dedit.

207 3067 348 3132 Gregorius
367 3066 536 3130 Turonensis,
564 3069 604 3134 qui
630 3068 717 3118 floruit
739 3069 798 3118 inda
822 3071 853 3118 ab
872 3085 936 3119 anuo
956 3069 1005 3118 538
1028 3084 1106 3134 usque
1127 3069 1159 3119 ad
1177 3084 1199 3118 a.
1220 3069 1279 3134 594,

137 3151 198 3200 hiat.
216 3150 308 3202 Frena.
330 3149 379 3201 le.
398 3150 431 3200 28
457 3151 558 3216 (patrol.
579 3149 635 3200 Lfll'.
655 3165 709 3200 our.
727 3147 814 3212 Migne
836 3150 936 3200 rolli
958 3148 1042 3216 §23):
1067 3150 1194 3214 ‚,Cumqua
1213 3165 1280 3200 eoru-

137 3233 277 3298 prelaanaus
300 3233 331 3280 ad
354 3231 510 3296 Capitolium
533 3232 683 3294 duraretur,
709 3231 818 3281 relietus
840 3233 871 3281 ab
888 3231 929 3281 laia
953 3235 998 3292 (se.
1017 3231 1186 3298 presbyteris)
1209 3232 1280 3282 solus

138 3311 287 3362 attrahitur.
323 3313 371 3362 llio
389 3328 451 3362 uero
469 3312 539 3362 tauri
557 3310 669 3362 harentia
686 3313 806 3376 vestigiis
824 3313 947 3376 alligatus
965 3328 995 3362 aa
1013 3314 1043 3362 de
1061 3313 1188 3378 Capitolio
1207 3329 1281 3378 pras-

139 3391 262 3456 eipitatus
281 3392 359 3442 ritum
378 3393 487 3442 linivit“.
522 3393 590 3443 lalern
608 3393 653 3443 lib.
673 3394 787 3444 miracul.
800 3392 811 3444 Ι
822 3411 842 3444 o.
855 3394 898 3444 48:
917 3394 984 3459 „Qui
997 3394 1107 3460 impulsu
1119 3409 1280 3459 paganorum,

45 3493 48 3499 ¹
140 3471 214 3524 bovis
233 3472 328 3536 petulci
347 3473 471 3535 religatus
489 3475 620 3538 vestigiis,
639 3489 684 3540 per
701 3476 795 3536 gradus
808 3473 930 3540 Capitolii
947 3475 1142 3540 praecipitatus,
1161 3491 1281 3542 praesen·

139 3561 191 3604 tam
210 3553 297 3606 linivit
314 3554 392 3603 vitam
412 3554 503 3618 eapitis
521 3569 640 3621 eonpago
658 3553 799 3620 dispersa“.

207 3633 251 3700 ⁹⁸⁸)
270 3649 292 3684 e.
310 3651 334 3697 g.
360 3633 432 3684 Petri
459 3634 593 3698 Maurioii,
619 3635 718 3686 ablatis
745 3635 937 3702 Gluuiaoensis,
963 3637 1003 3702 qui
1023 3637 1126 3687 oblita.
1148 3637 1227 3697 1158,
1254 3637 1281 3685 in

141 3716 250 3781 epistula
277 3717 402 3767 adversus
425 3716 639 3767 Petrobrusianos
666 3720 715 3782 (ap.
742 3717 873 3770 Valerium
890 3719 921 3769 N.
941 3717 971 3768 (l.
990 3735 1013 3784 p.
1029 3719 1089 3780 620)
1116 3721 1194 3769 verba
1220 3720 1281 3767 haee

140 3804 214 3848 aaut:
238 3796 308 3860 „lata
325 3814 380 3848 oum
398 3799 424 3850 ia
449 3797 576 3864 Capitolio
600 3806 753 3861 senatorum,
776 3799 864 3863 quales
888 3814 936 3848 vos
959 3815 1099 3864 aggregare
1123 3799 1224 3860 soletis,
1251 3798 1281 3848 de

141 3879 272 3932 consulari
290 3880 333 3930 vel
350 3879 423 3942 regio
441 3880 567 3930 tribunali
585 3879 768 3930 declamatorio
787 3894 831 3928 ore
851 3880 925 3930 vobis
945 3880 1060 3945 prolerre
1078 3882 1157 3932 muris
1176 3881 1219 3942 sit,
1237 3881 1282 3930 ad-

141 3961 216 4010 aneto
235 3960 323 4010 statim
346 3961 373 4010 in
390 3961 544 4012 senteutiam
565 3967 678 4011 vestram
703 3960 934 4010 eruditissimorum
958 3961 1061 4012 illorum
1084 3969 1219 4024 conventu,
1242 3963 1282 4012 iu-

141 4042 225 4093 viotaa
243 4041 356 4090 orationi
380 4041 465 4091 subito
489 4041 669 4090 acclamator‘t
705 4039 782 4090 Coria
805 4047 898 4105 autem,
924 4057 988 4107 quae
1012 4042 1144 4092 alluebatur
1166 4049 1192 4092 et
1218 4059 1283 4092 uuna

140 4123 236 4173 dieitur
254 4121 415 4188 Capitolium,
433 4123 565 4172 aedificata
584 4129 624 4172 eat
640 4137 663 4170 a.
685 4121 764 4185 taam
782 4123 841 4172 iude
859 4123 942 4186 igitur
960 4124 1125 4187 magistratus
1143 4123 1222 4188 urbis,
1240 4124 1282 4189 qui

140 4219 208 4254 uuae
227 4208 352 4252 vocantur
370 4203 496 4268 oapitouls
514 4202 684 4268 (capitularii)
704 4203 768 4252 dieti
787 4210 847 4252 suut
866 4203 1005 4269 Capitulini
1024 4202 1056 4254 ol.
1074 4204 1160 4268 Stark,
1181 4205 1283 4255 starte-

140 4283 224 4347 leben,
240 4279 326 4332 liunst
342 4283 392 4330 uud
410 4283 539 4334 Altertum
557 4283 582 4332 iu
602 4281 760 4332 Franiraiola
777 4299 801 4348 p.
821 4284 876 4335 186.
897 4285 963 4347 189;
985 4283 1079 4348 Minio,
1098 4285 1202 4352 Vopage
1221 4287 1283 4335 dans

140 4363 182 4413 las
197 4360 385 4429 dipartaments
398 4364 432 4414 (lu
443 4365 505 4415 ntor
517 4366 548 4416 de
559 4365 586 4416 la
597 4363 697 4416 Trauee
707 4363 741 4418 lV
759 4381 783 4430 p.
795 4364 859 4429 4283
877 4365 993 4418 Histoire
1004 4363 1124 4430 generale
1136 4364 1171 4418 Vl
1187 4382 1210 4432 p.
1222 4366 1280 4418 213.
