3086 5110
590 365 813 427 ,47-

129 546 297 626 provinciae
320 544 434 604 Africae
461 559 514 622 pro
542 542 653 603 aerario
681 541 773 602 luisse
801 542 917 602 decreto
945 540 1035 620 impp.
1061 541 1220 602 Theodosii
1244 549 1274 602 et

128 644 328 708 Valentiniani
350 661 375 704 a.
399 663 427 724 p.
451 644 517 704 (lbr.
542 643 604 704 429
632 643 667 703 ad
697 643 826 704 Celerem
855 641 1061 720 proconsulem
1093 641 1162 702 dato
1190 660 1272 701 com-

129 739 336 822 perImus¹⁷⁴).

216 843 253 902 At
276 860 334 921 quo
357 847 491 920 tempore
514 844 624 902 lactum
647 849 691 902 est
713 847 747 901 ut
769 840 913 920 templum
938 839 972 898 ad
997 839 1085 899 alium
1111 857 1197 900 nsum
1220 840 1272 899 de·

93 983 94 988 .
130 937 312 1002 stinaretur?
355 941 569 1022 Constantinus
593 959 616 1001 a.
642 959 668 1019 p.
687 940 754 1000 lllrr.
771 937 833 999 326
857 938 953 998 edicto
976 945 1133 998 monuerat
1149 955 1187 998 ne
1203 937 1272 1018 quid

131 1039 200 1099 novi
223 1041 319 1118 operis
342 1060 358 1101 a
380 1039 528 1100 iudicibus
555 1039 745 1099 inchoaretur
772 1035 900 1117 exeeptis
930 1037 1110 1116 templorum
1138 1035 1274 1098 aedifica-

130 1137 270 1198 tionibus
304 1137 495 1216 Templorum
512 1145 609 1198 autern
626 1137 821 1216 appellatione
836 1157 869 1197 ea
885 1142 980 1196 aetate
996 1135 1148 1214 gentillum
1164 1135 1274 1214 templa

129 1237 248 1314 proprie
270 1237 458 1316 intelllgenda
481 1243 551 1298 sunt
573 1253 640 1297 cunr
664 1236 714 1316 qui
738 1236 825 1295 fidem
851 1235 1045 1296 Christianam
1062 1233 1275 1295 confiterentur

130 1353 162 1395 ea
193 1336 229 1396 ab
258 1336 472 1414 significatione
500 1334 767 1411 abborrerentVl).
812 1334 855 1394 Eo
886 1333 976 1412 Igitur
1002 1343 1136 1411 ternpore
1165 1332 1274 1411 templa

129 1433 265 1495 nondum
290 1443 321 1496 ut
345 1444 548 1497 everterentur
574 1436 714 1498 accidisse
742 1434 867 1494 videtur.
912 1433 986 1493 Cum
1018 1449 1093 1494 anno
1118 1429 1178 1492 398
1203 1429 1273 1491 Car-

128 1532 249 1610 tbagine
279 1536 465 1614 septuaginta
493 1537 585 1596 trium
615 1536 822 1616 episcoporum
850 1531 1009 1593 concilium
1037 1531 1209 1600 baberetur,
1238 1529 1273 1591 ab

129 1630 262 1691 Honorio
285 1639 315 1693 et
333 1633 456 1696 Arcadio
479 1641 581 1714 petere
596 1633 730 1714 patribus
745 1632 863 1713 placuit,
887 1639 921 1692 ut
936 1630 1116 1692 idololatriae
1132 1629 1274 1710 reliquiae

129 1747 189 1790 non
213 1732 310 1792 solum
333 1733 361 1793 in
385 1734 549 1796 simulacris
573 1734 623 1794 sed
653 1733 684 1792 in
707 1731 934 1812 quibuscunque
962 1729 1034 1790 locis
1062 1731 1107 1790 vel
1134 1729 1207 1790 lueis
1229 1729 1282 1788 vel.

130 1829 286 1890 arboribus
309 1833 433 1892 ommno
456 1830 696 1910 delerentur¹⁷⁶).
939 1895 941 1898 .

215 1929 315 2008 Neque
337 1929 427 2008 igitur
450 1929 485 1992 ab
509 1930 736 2010 imperatoribus
759 1929 787 1989 id
811 1936 913 2008 petere
936 1928 1048 1989 audent
1075 1936 1109 1988 nt
1132 1928 1161 1988 in
1185 1925 1273 2006 oppi-

130 2025 174 2086 dis
198 2031 448 2110 quoque'templa
472 2030 673 2091 destruantur.
719 2028 831 2100 Quibus
854 2027 895 2088 illi
917 2027 1050 2088 obsecuti
1074 2027 1217 2098 sumita,
1241 2031 1276 2085 nt

129 2143 208 2186 anno
231 2135 299 2206 post
320 2129 383 2206 lege
407 2129 539 2191 llamasci
571 2130 628 2189 lata
656 2127 793 2189 iuberent
820 2127 943 2206 templa,
979 2127 1083 2208 siqua
1114 2135 1214 2186 essent
1245 2125 1274 2184 in

130 2225 215 2302 agris,
239 2227 305 2288 sine
326 2229 412 2289 turba
436 2248 469 2288 ac
490 2229 622 2289 tumultu
645 2225 754 2299 deleri·,
777 2224 823 2285 his
846 2224 925 2285 enim
949 2223 1069 2286 deiectis
1093 2232 1180 2304 atque
1202 2224 1274 2284 sub-

129 2323 195 2384 latis
219 2343 339 2388 omnem
362 2327 582 2406 superstitionis
605 2323 760 2387 materiam
776 2321 906 2402 tobim).
952 2323 1064 2384 Eodem
1079 2331 1178 2384 autern
1195 2339 1273 2382 anno

128 2422 220 2486 iidem
243 2427 491 2488 sanxerunthoc:
515 2427 614 2487 sicut
637 2423 823 2486 sacrificia
847 2423 1108 2502 prohibemns,
1131 2421 1182 2484 ita
1205 2440 1273 2482 vo-

129 2519 249 2584 lumus
272 2525 508 2603 publicorum
542 2543 696 2604 operum
726 2529 944 2584 ornamenta
971 2521 1119 2582 servari.
1168 2522 1274 2582 Acne

131 2620 206 2681 sibi
237 2623 359 2702 aliqua
393 2624 597 2686 autoritate
628 2621 888 2693 blandiantur,
925 2621 988 2704 qui
1021 2640 1060 2682 ea
1089 2629 1274 2682 conantur

130 2722 371 2801 everterem).
417 2723 481 2796 Quo
505 2739 672 2784 annocum
696 2721 726 2782 in
750 2721 813 2800 ipsa
836 2721 1012 2798 Cartbagine
1039 2719 1221 2782 Gaudentius
1246 2727 1275 2782 et

129 2818 224 2880 lovius
248 2821 357 2900 templa
381 2829 414 2882 ut
436 2830 604 2901 everterent
627 2839 746 2900 operam
771 2821 885 2890 darent,
910 2821 987 2880 ad.
1011 2819 1086 2879 Xlll.
1111 2819 1166 2880 Ital.
1190 2819 1273 2898 Sept.

128 2949 222 2999 habet
241 2949 291 2998 vel
310 2947 528 3012 capitolinum
546 2949 598 2998 vel
618 2948 804 3016 syndreum?
823 2976 855 2983 —
875 2947 988 2997 Hucnon
1003 2947 1134 3014 pertinent
1152 2946 1274 3016 Cypriani

130 3031 208 3080 verba
227 3045 265 3096 ep.
285 3029 316 3080 58
330 3046 351 3080 c.
366 3029 396 3080 18
415 3029 464 3095 (ed.
485 3030 583 3080 llartel.
603 3045 626 3096 p.
641 3030 738 3094 68811
765 3029 839 3095 quid
860 3045 963 3096 super
991 3036 1041 3080 est
1062 3045 1149 3096 quam
1172 3035 1205 3079 ut
1223 3043 1274 3080 ee-

130 3113 234 3164 clesia
261 3113 426 3179 Capitolio
454 3113 620 3176 cedat...‚
648 3113 739 3179 quippe
767 3127 830 3179 quae
854 3113 885 3162 ad
912 3127 1031 3163 summam
1051 3113 1186 3177 religionis
1205 3111 1275 3164 Rom.

129 3195 322 3258 intelligendam
340 3195 455 3246 adbibita
474 3195 533 3246 sint.
679 3232 683 3244 .
970 3253 978 3274 .

197 3277 241 3342 ¹⁷⁴)
260 3277 313 3326 cod.
333 3275 427 3328 Theoti.
447 3277 492 3328 lib.
511 3276 547 3328 XI
565 3279 606 3328 tit
627 3275 638 3326 Ι
656 3279 687 3328 de
705 3293 804 3328 annona
823 3285 849 3330 ct
867 3278 976 3330 tributis
994 3295 1018 3327 n.
1031 3277 1160 3328 XXXIV:
1185 3278 1276 3329 Num-

130 3373 215 3422 quam
243 3373 299 3424 pro
324 3359 591 3409 dissimulatione
618 3360 759 3410 iudicum
789 3361 993 3426 compulsore
1020 3367 1074 3409 eut
1102 3360 1275 3426 opinatoro

130 3439 306 3490 Africanus
325 3455 496 3505 possessor
519 3441 672 3490 mittatur
695 3441 910 3506 adpraedam,
938 3443 990 3491 sed
1014 3447 1170 3508 quattuor
1193 3457 1275 3492 meu-

130 3521 210 3572 sium
229 3522 263 3571 ab
287 3521 389 3572 cdieti
408 3521 572 3587 publicati
592 3523 641 3572 die
660 3523 802 3573 indutiis
820 3524 905 3573 datis
924 3538 1029 3573 aurum
1047 3539 1062 3573 u
1080 3521 1275 3589 possessore

130 3604 297 3670 Capitolio
316 3605 424 3654 studio
443 3612 641 3670 spontaneae
660 3606 850 3656 devotionis
869 3606 1030 3656 sancimus
1048 3605 1175 3656 inlerri.

198 3685 238 3750 ι15)
258 3685 318 3738 Cod.
338 3684 432 3738 Tbeod.
451 3687 496 3738 lib.
513 3685 563 3740 XV
581 3687 650 3738 aiat
671 3703 694 3736 n.
712 3689 727 3738 3
746 3688 793 3750 (aa.
812 3685 956 3754 Gotholr.);
982 3687 1013 3740 cf.
1028 3688 1164 3752 Augustin.
1178 3691 1277 3740 dvcta

131 3770 205 3834 relig.
224 3787 277 3836 cap.
296 3771 320 3820 4.

199 3852 241 3913 ¹⁷⁸)
261 3851 324 3902 Coll.
343 3852 435 3902 concil.
455 3867 520 3900 max.
540 3852 578 3900 ed.
599 3850 689 3902 blansi.
715 3849 822 3902 tom.III
840 3852 923 3918 pell
945 3853 1030 3916 n.15;
1058 3851 1090 3904 cI.
1110 3851 1171 3903 coa.
1190 3870 1277 3904 canon.

132 3931 221 3983 eccles.
237 3933 291 3983 Alc.
312 3936 350 3984 ed.
364 3933 485 3984 lustellus
504 3951 525 3986 c.
539 3933 572 3984 58
591 3949 614 3999 p.
628 3933 691 3983 361:
709 3935 823 4000 „templa
842 3950 890 4000 qua
909 3935 935 3985 in
954 3936 1024 3998 agris
1043 3936 1085 3986 vel
1104 3936 1130 3986 in
1150 3937 1215 3988 loeIs
1233 3937 1277 3986 ab·

132 4013 193 4064 ditis
211 4015 350 4066 constituta
370 4016 440 4064 nullo
460 4021 609 4066 ornamento
629 4023 697 4080 sunt,
716 4015 851 4066 iubeantur
869 4017 968 4067 omuino
988 4017 1113 4068 destrni“.

196 4095 238 4161 tn)
258 4096 319 4148 Cod.
338 4095 434 4148 Tbeod.
453 4098 499 4148 lib.
518 4095 579 4150 XVI
598 4097 639 4148 tit.
660 4101 691 4150 10
710 4099 741 4148 de
759 4099 873 4164 paganis,
892 4099 1015 4150 sacrificis
1033 4107 1060 4151 et
1080 4101 1182 4168 templis
1202 4118 1225 4152 n.
1240 4103 1271 4154 16

128 4179 148 4230 li
168 4179 210 4246 qui
229 4180 347 4245 antiquae
366 4179 487 4244 religioni
507 4180 675 4231 inhaerebant
692 4181 798 4246 primum
812 4181 913 4248 publice
927 4181 1017 4248 pagani
1036 4183 1197 4250 appellantur
1219 4183 1276 4246 Iege

128 4277 193 4312 anno
221 4259 270 4312 368
298 4263 351 4311 lata
378 4263 443 4322 (cod.
465 4261 559 4312 Theoti.
584 4259 646 4312 XVI
667 4261 746 4325 2,18
769 4260 801 4313 ci.
826 4262 938 4314 Lasauln
971 4264 1022 4314 Der
1048 4263 1197 4331 Untcrgang
1223 4268 1275 4316 des.

129 4343 300 4394 llallcnismus
319 4343 369 4392 und
389 4341 430 4392 die
449 4343 610 4408 llinzielrung
628 4343 716 4394 seiner
733 4341 913 4411 Tempelgiiter
931 4362 954 4412 p.
969 4345 1009 4398 at.

193 4426 236 4490 Π1)
256 4425 316 4476 Cod.
336 4425 431 4476 Theud.
450 4423 511 4477 XVI
535 4427 575 4492 10,
597 4429 637 4478 15.
