3114 5110
722 345 943 408 ...72-

262 544 284 584 s.
306 522 420 584 Paulini
455 520 590 582 monachi
622 521 761 582 ecclesiae
793 529 923 602 cryptam
953 521 1115 601 aperirent,
1143 523 1260 584 inventa
1289 532 1336 582 est
1365 529 1417 583 ta-

261 623 329 684 bula
353 639 429 702 quae
451 621 568 681 illorum
593 628 756 700 martyrum
780 641 795 682 a
818 621 983 682 Rictiovaro
1010 639 1163 682 caesorum
1188 622 1310 682 nomina
1336 639 1418 681 con-

261 719 446 799 tinebat¹⁷¹).
491 719 568 793 Quid
595 720 701 780 mirum
726 720 831 799 igitur,
862 721 941 800 quod
965 729 1135 781 sanctorum
1159 721 1282 782 nomina
1306 741 1341 782 ex
1363 729 1418 780 te-

261 819 330 880 bula
353 827 416 880 tum
440 825 556 898 reperte
578 826 608 879 et
629 819 694 879 sine
717 818 807 880 dubio
830 819 897 880 licta
921 826 952 878 et
974 819 1128 898 supposita
1152 820 1298 900 exscripta
1322 817 1415 881 sunt!

262 919 374 978 Eodem
386 921 448 979 lere
462 925 597 997 tempore
615 919 733 978 fortuna
750 918 840 978 etiem
859 917 983 978 arrisisit
1002 917 1140 980 ecelesiae
1153 918 1292 980 sblariue
1309 919 1340 979 in
1348 919 1416 998 ripa
1480 979 1484 988 ,

263 1016 424 1078 monacbis.
459 1017 516 1089 Qui
540 1035 606 1077 cum
631 1016 752 1077 aliarum
776 1016 964 1077 ecclesiarum
988 1017 1150 1087 monacbis,
1175 1017 1224 1098 qui
1242 1017 1273 1078 in
1289 1025 1417 1078 sancto-

262 1134 330 1178 rum
353 1115 528 1195 corporibus
550 1115 734 1195 reperiendis
758 1122 839 1176 tanta
862 1115 908 1175 usi
925 1123 1009 1176 erant
1024 1117 1154 1188 lortuna,
1177 1117 1281 1178 cedere
1299 1117 1416 1178 nollent

263 1223 293 1276 et
314 1215 371 1294 ipsi
396 1214 549 1292 diligenter
573 1213 692 1292 vestigia
715 1221 904 1292 quaererent,
928 1213 1067 1294 contigit,
1090 1223 1124 1276 ut
1146 1215 1414 1276 innumerabilium

264 1323 426 1392 martyrum
454 1331 520 1373 osse
547 1311 732 1380 invenirent,
768 1330 827 1390 quo
851 1311 960 1372 iactum
985 1319 1046 1381 est,
1081 1321 1115 1372 ut
1138 1329 1246 1372 nomen
1270 1313 1415 1373 ecclesiae

263 1420 483 1476 converteretur
505 1411 535 1470 in
559 1429 583 1470 s.
599 1410 710 1470 illaria
733 1410 775 1469 ad
799 1419 995 1489 martyres.
1041 1410 1210 1473 Duodecimi
1233 1411 1324 1488 igitur
1346 1429 1414 1472 sae-

263 1511 321 1573 culi
351 1509 476 1570 fuerunt
502 1508 656 1580 monachi,
685 1507 735 1587 qui
764 1526 828 1570 eam
857 1507 986 1570 fabulam
1010 1509 1239 1588 pervulgandam
1264 1518 1413 1571 curarent.

263 1612 301 1671 nt
330 1606 498 1689 quaeritur,
529 1615 630 1668 utrum
660 1607 762 1667 leviter
791 1626 853 1667 eam
885 1608 1054 1668 invenerint
1084 1627 1122 1670 an
1146 1609 1172 1669 ei
1198 1608 1268 1670 insit
1292 1609 1412 1689 aliquod

264 1727 390 1788 granum
414 1707 482 1767 fidei
506 1706 671 1766 historicae.
724 1706 846 1766 Constat
868 1707 1009 1786 oppidum
1033 1715 1078 1768 ler
1099 1727 1115 1768 a
1138 1707 1294 1769 Germanis
1316 1717 1413 1769 vesta-

263 1817 328 1870 tum
351 1813 380 1867 et
404 1804 551 1883 direptum
574 1811 758 1883 postremum
783 1825 807 1866 a.
825 1824 852 1884 p.
870 1805 936 1866 Chr.
954 1806 1013 1865 411
1039 1825 1054 1866 a
1077 1805 1196 1866 Francis
1220 1807 1258 1866 ita
1282 1806 1411 1867 deletum

264 1925 339 1977 esse,
362 1912 396 1964 ut
418 1903 581 1963 incolarum
605 1902 732 1962 maxima
748 1921 815 1981 pars
832 1910 862 1962 et
878 1902 1035 1964 obsidione
1052 1904 1190 1965 diuturna
1207 1903 1413 1966 absumeretur

265 2015 294 2066 et
332 2003 420 2064 foede
462 2001 550 2062 caede
592 2019 607 2060 a
641 1999 801 2062 victoribus
834 2001 1039 2062 trucidaretur.
1097 2003 1211 2075 Quanta
1250 2003 1412 2064 incolarum

264 2103 383 2165 miseria
410 2109 475 2162 tum
503 2099 608 2171 luerit,
643 2117 732 2160 nemo
764 2100 871 2160 melius
897 2101 1055 2181 descripsit
1077 2121 1165 2181 quam
1190 2102 1346 2164 Salvianus
1370 2104 1417 2180 td:

265 2202 390 2281 gubern.
424 2199 477 2260 Dei
498 2197 547 2258 lib.
566 2198 603 2257 Vl
625 2197 689 2276 in).
745 2197 785 2258 Ea
809 2206 926 2273 autem,
954 2217 1011 2278 qua
1044 2200 1225 2261 Rictiovarus
1253 2221 1324 2262 usus
1348 2221 1412 2263 esse

264 2301 408 2371 traditur,
430 2298 545 2358 saevitia
571 2314 633 2357 non
656 2299 781 2376 quadrat
803 2299 838 2358 ad
862 2299 1012 2360 Romanos
1036 2301 1088 2360 sed
1113 2301 1148 2361 ad
1171 2300 1312 2374 Francos,
1336 2321 1411 2381 quos

264 2400 359 2462 simile
382 2397 451 2478 quid
476 2396 657 2457 crudelitatis
674 2397 858 2457 commisisse
875 2397 1038 2477 Procopius
1062 2399 1103 2473 (d.
1121 2399 1197 2459 bello
1214 2399 1299 2461 Gotb.
1318 2383 1411 2472 tinet

264 2499 363 2562 etalii
388 2497 452 2558 eius
475 2496 578 2557 aetatis
601 2495 759 2574 scriptores
782 2495 978 2558 tradiderunt.
1019 2497 1106 2570 Quod
1121 2516 1188 2559 cum
1206 2498 1245 2558 ita
1262 2499 1309 2572 sit,
1332 2509 1412 2560 recte

264 2600 390 2660 fortasse
413 2595 505 2655 Linde
534 2595 565 2668 tl.
582 2613 605 2655 c.
622 2613 651 2673 p.
668 2594 778 2674 26sq.)
810 2595 1007 2657 Rictiovarum
1040 2615 1101 2657 non
1129 2597 1329 2658 Romanorum
1361 2598 1412 2659 sed

265 2698 448 2757 Francorum
472 2695 576 2754 ducem
599 2693 691 2752 fuisse
715 2693 880 2772 suspicatus
904 2703 958 2754 est.
997 2695 1086 2755 Cuius
1110 2696 1206 2777 caedis
1224 2697 1410 2757 vastationis-

265 2813 323 2875 que
348 2793 488 2856 memoria
512 2810 580 2853 cum
603 2791 654 2852 diu
677 2791 797 2870 vigeret,
821 2792 958 2853 facillime
981 2793 1112 2854 accidere
1135 2793 1240 2872 potuit,
1269 2802 1301 2854 ut
1316 2795 1410 2856 variae

264 2894 380 2957 fabulae
419 2913 487 2954 cum
526 2892 572 2953 ille
613 2892 876 2970 coniungerentur.
931 2893 1026 2965 Quam
1060 2892 1185 2964 lamam,
1225 2913 1301 2973 quae
1335 2893 1410 2972 vulgi

265 2994 342 3054 lecta
366 3001 437 3066 erat,
461 3011 521 3053 non
547 2991 697 3062 ecclesiae,
721 2990 849 3051 subinde
873 2979 1021 3065 monachi,
1043 2993 1094 3071 qui
1117 2993 1227 3073 ubique
1250 2993 1409 3072 quaesituri

265 3099 409 3171 martyres
432 3092 634 3170 reperiebant,
666 3092 696 3150 in
719 3109 807 3151 suum
836 3109 926 3152 usum
949 3091 1147 3153 vindicarunt.
1203 3093 1263 3153 Neo
1286 3094 1407 3154 multum

265 3191 354 3268 igitur
378 3190 413 3249 ud
436 3207 499 3248 rem
522 3187 704 3266 probandam
730 3190 823 3250 valere
847 3200 980 3267 possunt.

352 3287 524 3347 Secundum
547 3294 684 3344 nostrum
708 3288 862 3348 consilium
887 3305 968 3347 nunc
989 3297 1099 3360 restat,
1123 3295 1155 3348 ut
1179 3289 1215 3348 de
1239 3289 1303 3350 loco
1327 3289 1406 3368 Capi·

265 3387 327 3448 tolii
350 3385 559 3465 quaestionem
584 3401 766 3444 moveamus.
805 3386 889 3458 Quod
913 3395 1015 3465 postea
1040 3387 1070 3447 in
1095 3388 1248 3448 ecclesiam
1266 3407 1288 3447 s.
1306 3387 1406 3448 Mariae

266 3503 385 3547 versum
414 3490 443 3543 et
471 3471 568 3542 iocum
596 3481 696 3560 ipsum
725 3483 762 3543 ob
786 3485 959 3545 memoriam
984 3493 1146 3564 martyrum
1169 3485 1251 3546 bitus
1274 3487 1310 3546 ad
1334 3503 1406 3546 mar·

264 3595 344 3664 tyres
373 3581 550 3660 appellatum
580 3579 705 3654 essem)
730 3581 817 3643 Gesta
846 3583 1005 3652 ailirmant.
1059 3587 1097 3644 bt
1119 3593 1221 3645 contra
1245 3585 1362 3646 ecelesia
1384 3603 1404 3643 s.

333 3719 376 3781 ²⁷¹)
395 3718 491 3769 Waltz.
511 3719 528 3768 l.
549 3735 569 3769 e.
589 3735 612 3784 p.
632 3717 694 3782 2203
715 3717 785 3769 (lest.
806 3717 907 3770 Trevir.
926 3735 950 3784 p.
967 3719 1086 3787 loquor.

333 3800 376 3862 ¹⁷²)
395 3799 528 3849 Ecclesiae
548 3815 636 3850 nomen
656 3815 675 3850 s.
695 3800 792 3851 Mariae
812 3802 842 3849 ud
861 3809 991 3868 martyres
1011 3817 1058 3851 oon
1078 3810 1136 3853 ente
1156 3804 1262 3854 medium
1281 3799 1403 3855 saeculuui

265 3881 313 3933 xn
334 3883 418 3930 datum
437 3897 502 3945 esse,
521 3887 649 3932 testantur
669 3883 794 3932 ecelesiae
813 3883 936 3932 tabularii
955 3883 1123 3934 instrumenta
1149 3888 1197 3950 (ap.
1218 3885 1304 3945 binde,
1323 3873 1404 3936 {litere

269 3963 422 4015 Gesebichte
441 3964 486 4012 der
506 3963 583 4014 Abtei
602 3965 696 4014 Sancte
714 3963 798 4014 Maria
816 3962 861 4014 uui
877 3967 932 4015 dem
950 3964 1090 4016 Moselufcr
1108 3968 1125 4017 l.
1139 3984 1159 4016 c.
1178 3984 1201 4032 p.
1215 3967 1335 4030 3542),
1355 3965 1405 4032 qui·

266 4049 311 4096 bus
336 4052 444 4114 vocetur
470 4060 491 4095 u.
512 4045 560 4095 913
586 4046 732 4097 ecclesia
755 4047 902 4110 gloriose
926 4048 977 4096 dei
1001 4049 1184 4114 genetricis
1212 4055 1242 4098 et
1268 4048 1405 4112 virginis

266 4128 367 4180 Maris
396 4128 425 4176 in
450 4127 532 4192 ripa3
559 4143 581 4178 e.
609 4130 674 4180 1000
701 4131 845 4180 ecclesio
873 4129 1118 4192 gloriosissime
1145 4131 1196 4179 dei
1224 4129 1405 4192 genetricis

266 4209 370 4260 blarie
390 4208 583 4273 superlitos
603 4209 753 4273 Moselle3
773 4227 795 4260 e.
816 4212 881 4261 1030
900 4211 1405 4274 cenobiumgloriosissimevir-

265 4291 354 4354 ginis
378 4287 428 4339 dei
453 4289 629 4352 genitricis
653 4289 770 4353 Meri03
798 4309 820 4342 a.
842 4293 907 4343 1140
935 4301 1045 4344 saneta
1073 4291 1173 4344 Maria
1197 4307 1294 4358 super
1317 4295 1405 4353 litus,

265 4372 496 4423 monasterium
515 4372 744 4423 sacratissime
763 4374 912 4436 virginis
931 4373 1032 4425 Morio
1055 4391 1150 4440 super
1168 4375 1265 4438 litus3
1293 4391 1316 4425 u.
1337 4373 1406 4436 1116,
