3086 5110
621 325 908 422 ..7..’

235 537 409 616 Sequuntur
431 535 547 597 nummi
569 536 619 616 qui
642 536 673 597 in
697 536 815 598 Graecia
839 543 868 597 et
890 534 958 598 Asia
987 553 1053 598 cum
1081 535 1290 616 inscriptiones

147 635 269 698 Latinae
291 634 478 714 reperiantur
493 653 655 714 perpaucae
678 635 836 696 maximam
852 633 962 696 hahent
976 633 1190 696 auctoritatem.
1227 635 1290 698 ltali

147 735 227 796 onim
250 735 281 794 in
305 734 450 796 civitatem
473 735 583 814 recepti
606 753 673 795 cum
698 752 839 795 nummos
867 734 975 794 cudere
999 733 1078 796 vetiti
1100 734 1232 812 indeque
1253 733 1289 794 ah

145 833 279 908 Augusto
306 853 354 894 aes
377 851 499 894 aureum
528 841 760 912 argenteumque
789 831 919 894 feriundi
947 839 1078 912 potestus
1106 833 1182 894 facta
1211 840 1290 896 esset

145 931 346 1010 imperatoris,
368 939 470 992 tamen
486 950 535 992 aes
551 940 769 1010 argentumque
784 932 899 1009 signare
916 929 1011 1007 magni
1028 930 1156 990 nominis
1173 931 1288 1010 oppidis.

147 1028 251 1106 relque
273 1030 394 1092 coloniis
418 1030 556 1091 Graeciae
579 1040 609 1090 et
624 1030 709 1091 Asiae
731 1030 878 1108 permissu
893 1027 1078 1107 imperatoris
1095 1036 1145 1088 aut
1160 1047 1287 1106 procon—

128 1126 218 1188 sulis
241 1146 415 1190 concessum
439 1127 543 1206 eracl).
589 1128 692 1206 Neque
715 1147 783 1188 vero
806 1128 897 1188 libros
919 1126 1101 1188 nummarios
1124 1127 1287 1204 quos=edi·

144 1225 253 1288 dcrunt
287 1225 458 1288 Vaillentius
495 1226 650 1288 Echhclius
687 1226 844 1288 Micnetius
871 1225 1030 1288 excutienti
1058 1225 1179 1303 contigit
1215 1225 1287 1286 nrihi

144 1332 177 1384 ut
199 1327 266 1404 plus
290 1343 384 1384 unum
399 1333 476 1384 corta
492 1325 618 1403 quadam
634 1325 692 1386 lide
708 1325 874 1402 exemplum
890 1342 1038 1394 eruerem,
1061 1323 1127 1384 dioc
1142 1323 1286 1402 templum

141 1422 218 1482 lovis
241 1421 396 1500 Capitolini
417 1422 647 1496 Antiochiae,
672 1442 746 1502 quae
770 1422 839 1484 urbs
862 1430 907 1484 est
929 1420 1027 1484 Cariae
1036 1420 1069 1495 3).

210 1628 231 1692 ⁹)
250 1625 281 1678 cf.
300 1627 456 1694 llarquardt.
475 1629 571 1680 enchir.
589 1628 610 1680 ll
629 1645 652 1696 p.
667 1629 699 1680 36
718 1656 750 1668 -
769 1629 904 1682 Pindcrnur
923 1629 949 1680 in
962 1627 1026 1680 actis
1038 1625 1117 1680 Acad.
1133 1626 1187 1681 litt.
1199 1626 1283 1680 Berol.

140 1724 163 1760 a.
185 1710 251 1769 1855
270 1726 292 1774 p.
306 1709 355 1760 538
366 1727 402 1776 sq.

90 1799 93 1806 '
207 1792 227 1852 ⁸)
246 1791 387 1840 Memorato
407 1791 508 1854 dignum
527 1789 642 1857 virisque
661 1792 743 1842 doctis
761 1792 844 1841 miuus
863 1798 950 1840 notum
970 1789 1073 1839 videtur
1097 1803 1153 1838 esso
1172 1791 1236 1854 quod
1256 1791 1282 1840 in

139 1873 247 1922 nummis
272 1873 458 1937 Aphrodisiade
482 1880 508 1922 et
530 1871 657 1938 Heliopoli
685 1873 754 1923 cusis
777 1873 893 1922 ludorum
919 1871 1119 1938 Capitolinorum
1143 1871 1236 1920 mentio
1255 1868 1284 1922 lit

139 1954 185 2016 ita,
204 1959 233 2002 ut
250 1953 293 2002 illi
312 1953 370 2017 quin
390 1953 427 2002 ihi
446 1955 499 2003 acti
512 1955 565 2003 sint
575 1953 702 2004 dubitatio
715 1955 813 2006 moveri
827 1959 940 2019 nequeat.
977 1951 1043 2002 Ecce
1058 1967 1170 2002 nummus
1183 1951 1283 2017 Aphro-

139 2035 261 2084 disiensis
280 2033 409 2084 Gordiano
429 2033 460 2084 lll
478 2043 602 2099 regnante
621 2051 710 2086 cusos:
733 2032 954 2106 Ἀφροδεισιέωνς
976 2034 1002 2083 in
1025 2048 1089 2084 urna
1112 2045 1202 2096 magna
1219 2049 1283 2098 quaa

140 2123 180 2166 cst
202 2116 228 2166 in
250 2131 337 2166 mensa
359 2117 482 2181 quadrata
505 2118 628 2182 scriptum
653 2125 704 2168 est:
730 2116 890 2186 Γορδιανεῑα
907 2111 1042 2168 lanteleia
1070 2122 1097 2164 at
1120 2115 1145 2164 in
1167 2115 1282 2176 margine

136 2212 237 2248 mensae
259 2195 436 2259 Kunaruiiru3
462 2195 493 2248 cf.
513 2197 618 2248 Micnet.
643 2199 695 2248 vol.
714 2195 745 2248 lll
764 2215 787 2264 p.
807 2198 856 2248 329
876 2215 898 2248 ιι.
920 2197 982 2260 152;
1006 2195 1111 2246 Eckhel.
1131 2196 1159 2246 D.
1178 2193 1209 2246 N.
1228 2196 1281 2246 vol.

136 2277 170 2328 lV
189 2293 212 2344 p.
225 2279 288 2342 4353
314 2277 377 2340 4373
401 2279 524 2330 Vuillent.
552 2277 674 2330 Numism.
703 2287 765 2332 vett.
792 2279 866 2345 impp.
894 2297 916 2345 p.
932 2279 987 2328 149.
1024 2277 1128 2328 Attalea
1151 2277 1177 2328 iu
1201 2267 1280 2328 honoss

137 2375 191 2409 rem
209 2359 293 2409 Attali
312 2357 481 2424 Philadelphi,
501 2359 645 2411 Gordianea
670 2361 695 2411 io
721 2361 845 2411 Gordiani
868 2361 909 2412 Pii
933 2359 1118 2425 Aphrodisiade
1137 2357 1205 2408 edite
1224 2373 1280 2408 csse

90 2453 92 2457 ’
137 2445 241 2504 praeter
264 2440 372 2490 alterum
396 2457 518 2490 nummum
545 2444 610 2507 apud
629 2442 734 2492 Micnet.
754 2443 805 2492 vol.
824 2441 855 2492 lll
874 2457 897 2507 p.
911 2441 960 2491 330
984 2457 1007 2490 n.
1029 2439 1078 2490 159
1096 2442 1169 2489 docet
1187 2440 1280 2488 titulus

137 2521 164 2571 C.
183 2519 201 2570 l.
220 2519 264 2570 Gr.
293 2521 344 2571 vol.
363 2519 384 2571 ll
407 2537 431 2572 n.
449 2522 524 2574 2801.
568 2523 713 2574 Certamina
739 2524 818 2586 igitur
846 2538 909 2587 quae
940 2537 995 2572 curn
1028 2522 1061 2572 iis
1093 2521 1280 2583 coniungantur

136 2601 281 2668 Capitolina
299 2603 511 2667 Aphrodisiadem
529 2612 646 2670 spectare
665 2605 722 2670 quis
741 2620 790 2654 non
809 2604 954 2664 intellegit?
972 2631 1004 2640 -
1021 2602 1120 2653 Nummi
1133 2608 1218 2652 autem
1231 2602 1279 2652 lle-

135 2683 281 2748 liopolitani
299 2691 359 2734 sunt
377 2685 415 2734 hi:

153 2767 175 2816 1.
203 2781 315 2814 nummus
333 2765 482 2816 Caracallae
500 2781 538 2832 ap.
553 2766 658 2816 Micnet.
677 2767 764 2818 vol.V
784 2783 808 2833 p.
825 2766 874 2816 299
893 2765 992 2816 o.108:
1011 2765 1036 2816 in
1050 2762 1146 2841 sroptc:
1164 2763 1199 2816 M.
1213 2764 1276 2814 Aur.

202 2844 345 2896 Antoninus
363 2848 427 2910 Aug.
449 2863 504 2897 oum
523 2849 606 2913 eapite
625 2848 772 2898 Caracallac
794 2850 925 2909 laureat03
949 2848 976 2898 in
1000 2853 1072 2912 parto
1095 2860 1198 2898 aversa:
1223 2846 1276 2896 Col.

202 2925 249 2976 lul.
276 2926 342 2990 Aug.
361 2927 418 2978 Pel.
445 2929 500 2979 llol.
527 2945 582 2978 oum
607 2929 691 2978 trihus
718 2931 791 2979 urnis
812 2929 961 2992 agonalihns
989 2927 1120 2994 palmatis;
1147 2923 1216 2976 inira
1240 2923 1279 2990 „ia

203 3005 367 3068 l'exargne“:
386 3008 454 3058 (lert.
473 3023 538 3058 sacr.
557 3010 617 3074 Cap.
637 3009 696 3059 0ec.
715 3009 773 3060 leel.
792 3010 847 3061 Hal.

151 3087 175 3138 2.
203 3104 317 3138 nummus
337 3089 469 3140 Valeriani
486 3091 504 3140 l.
523 3090 540 3139 l.
560 3107 582 3155 p.
603 3091 652 3140 301
671 3107 694 3141 n.
711 3091 770 3142 136:
787 3091 847 3157 lmp.
867 3092 938 3142 Caes.
957 3090 984 3140 P.
1003 3088 1056 3140 hio.
1075 3086 1229 3140 Valerianus
1248 3087 1276 3138 P.

200 3168 217 3220 i.
237 3171 311 3234 Aug„
329 3171 356 3220 in
368 3177 441 3236 parta
454 3187 558 3222 aversa:
579 3171 635 3224 Cer.
655 3187 705 3224 sac.
726 3174 784 3239 Cap.
803 3173 862 3225 Oce.
875 3172 932 3224 lscl.
952 3173 1007 3224 llcl.
1023 3171 1118 3222 athleta
1129 3169 1211 3220 nudus
1220 3175 1277 3218 stat

202 3253 294 3302 dextra
312 3266 385 3302 maun
404 3253 429 3304 in
449 3268 538 3302 urnam
557 3253 691 3319 submissa,
711 3256 818 3306 sinistra
837 3256 943 3320 palmam
961 3261 1072 3318 gestans.

149 3333 172 3384 3.
201 3350 224 3382 n.
245 3333 356 3383 eiusdem
373 3335 536 3401 imperatoris
554 3335 571 3385 l.
585 3336 602 3386 l.
623 3353 644 3400 p.
659 3338 708 3387 305
727 3355 750 3387 n.
767 3337 814 3388 131
820 3355 826 3386 :
851 3337 907 3387 Sao.
927 3337 987 3402 Cep.
1007 3335 1066 3386 θοι.
1085 3333 1137 3395 lse3
1160 3333 1209 3380 duo
1223 3331 1276 3382 viri

200 3413 280 3478 pallio
303 3415 385 3464 induti
408 3423 435 3467 ct
457 3417 575 3468 sedentes
600 3418 679 3483 capiti
704 3419 808 3482 quisque
833 3434 951 3469 cononum
974 3419 1105 3483 imponunt
1128 3426 1156 3470 ct
1177 3428 1275 3476 urnam,

199 3495 225 3545 in
245 3512 292 3562 qua
310 3496 373 3546 dnae
391 3497 494 3562 palmae,
515 3514 587 3549 manu
606 3505 706 3561 tenont3
725 3500 807 3549 media
826 3506 866 3550 est
884 3515 935 3550 ara.

146 3576 171 3626 4.
199 3593 221 3626 ιι.
241 3577 352 3628 eiusdem
374 3579 431 3644 imp.
455 3579 472 3629 l.
493 3594 514 3630 c.
538 3596 560 3646 p.
578 3581 627 3632 305
651 3597 673 3630 u.
698 3581 758 3632 138:
785 3580 853 3632 lntra
879 3598 996 3632 coronam
1022 3598 1136 3646 magnam
1162 3587 1276 3638 lauream

198 3673 269 3722 qnam
295 3659 423 3709 sustinent
446 3660 509 3711 duae
532 3661 663 3712 Victoriae
687 3662 810 3726 scriptum
834 3669 886 3714 cst:
915 3663 972 3713 Cer.
997 3677 1047 3714 sac.
1067 3665 1126 3731 Gap.
1146 3667 1208 3718 (lec.
1225 3667 1274 3718 loo.

197 3738 266 3800 Hel.;
286 3738 352 3789 infra
371 3747 411 3791 est
428 3756 492 3792 urna
510 3743 635 3804 agonalia.

146 3818 170 3868 5.
198 3835 221 3870 ιι.
241 3820 353 3870 ciusdem
371 3821 428 3887 imp.
450 3823 467 3872 l.
481 3838 501 3874 c.
521 3839 544 3888 p.
558 3823 606 3872 305
627 3824 728 3874 n.133:
748 3831 868 3888 quattuor
886 3824 1005 3876 versibus
1018 3827 1141 3892 scripturn
1160 3831 1272 3880 esthoc:

197 3900 250 3950 Col.
270 3901 325 3952 llcl.
349 3902 417 3953 Cart.
443 3919 524 3954 sacru.
551 3903 632 3970 Capit.
659 3903 736 3955 Occu.
755 3905 815 3956 lscl.
838 3906 893 3957 llel.
915 3904 983 3957 inira
1007 3915 1047 3958 est
1070 3923 1133 3960 urna
1157 3911 1272 3972 agonalia

198 3997 251 4034 cum
269 3983 353 4034 trihus
371 3985 469 4049 palmis.

146 4060 169 4110 6.
198 4079 222 4112 n.
236 4061 347 4116 Gallieni
361 4065 378 4115 l
392 4082 414 4116 c.
427 4082 449 4132 p.
463 4067 512 4116 305
532 4083 556 4116 n.
574 4067 620 4118 142
634 4066 692 4134 Imp.
706 4068 777 4118 Caes.
794 4069 819 4118 P.
832 4068 886 4118 Lio.
903 4068 1037 4120 Gallienus
1051 4069 1078 4120 P.
1093 4069 1110 4122 f.
1126 4073 1197 4138 Aug„
1217 4081 1272 4123 tres

195 4159 273 4196 urnac
291 4161 345 4196 cnm
364 4147 464 4213 palmis,
483 4145 550 4198 iufra
568 4165 629 4214 quas
648 4149 675 4198 iu
694 4157 814 4214 quattuor
833 4149 1034 4202 versibuchrt.
1052 4166 1117 4202 sacr.
1137 4154 1195 4220 Cap
1210 4154 1270 4206 θοι.

194 4224 241 4274 lae.
261 4226 315 4276 llel.

144 4307 166 4356 ’1.
194 4323 217 4356 n.
238 4307 386 4358 eiuedoml
406 4326 426 4358 o.
446 4325 469 4374 p.
484 4309 575 4360 306n
591 4310 651 4360 143:
670 4310 779 4362 Grandis
802 4327 865 4362 urna
889 4328 943 4362 cnm
962 4313 1136 4380 inscriptione
1150 4316 1202 4382 (iol¹
1222 4313 1275 4412 lul..

192 4390 256 4452 Aug.
277 4389 331 4440 Pel.
350 4389 405 4440 llel.
424 4391 492 4442 Cart.
513 4405 563 4442 sao
584 4390 643 4457 Cap.
662 4393 721 4444 Oce.
740 4391 786 4444 lae.
807 4394 862 4444 llel.
