3114 5110
739 367 958 430 -66-

275 541 432 620 Templum
456 541 553 604 medio
580 541 643 603 lere
666 542 746 604 urhis
777 543 841 606 loco
865 543 956 604 luisse
987 542 1161 605 effossiones
1191 553 1293 606 nostra
1328 553 1439 607 aetate

272 640 427 707 institutae
450 640 625 701 confirmare
648 640 855 721 videntur²⁴⁶).

359 739 617 817 Augustodunum,
641 737 745 801 urbem
762 740 933 802 Aeduorum
951 739 1132 818 primariam,
1155 757 1340 818 quamquam
1363 743 1437 802 Eu·

272 836 391 898 menius
413 837 432 896 l.
456 855 481 898 o.
504 855 566 916 cap.
583 837 602 896 5
619 837 683 898 init.
707 837 853 898 coloniam
877 837 1012 916 appellat,
1036 855 1071 897 eo
1094 837 1159 897 iure
1183 856 1244 898 non
1260 838 1355 899 tuisse
1385 841 1437 900 vi-

272 936 368 1006 detur,
397 953 464 996 cum
492 954 641 1014 nusquam
671 943 795 1016 excepto
825 935 961 997 Eumenii
991 937 1055 996 loco
1083 935 1196 997 colonia
1226 937 1343 999 dicatur
1372 939 1434 1018 (cf.

271 1033 390 1113 Zumpt.
414 1033 433 1096 l.
457 1053 480 1096 c.
506 1033 626 1109 1438).

759 1210 919 1266 Vesontio.

356 1326 399 1388 De
422 1327 564 1407 Capitolio
586 1347 654 1390 cum
678 1329 784 1390 Castan
807 1329 847 1388 ita
871 1327 972 1404 egerit,
996 1329 1042 1388 vix
1065 1336 1098 1390 ut
1114 1328 1278 1407 quidquam
1300 1330 1427 1394 monitu

271 1426 393 1505 dignum
415 1426 610 1506 relinquatur,
634 1427 696 1488 lieri
719 1445 781 1488 non
804 1427 902 1506 potnit
925 1426 997 1506 quin
1021 1445 1088 1487 eum
1111 1435 1207 1486 totum
1233 1444 1388 1505 sequerer.

356 1524 547 1586 Ordinarium
570 1527 727 1604 antiquum
757 1525 897 1587 ecclesiae
919 1525 1102 1597 Bisuutinae‚
1130 1525 1208 1586 intra
1237 1541 1333 1585 annos
1356 1526 1426 1586 612

271 1633 301 1684 et
323 1623 384 1684 625
408 1623 608 1702 conscriptum
633 1634 664 1685 et
686 1633 788 1704 postea
811 1623 927 1702 saepius
951 1623 1170 1701 amplificatum,
1198 1641 1338 1701 pompam
1369 1643 1424 1684 ec-

270 1722 463 1783 clesiasticam
487 1721 533 1782 die
562 1722 728 1783 Palmarum
759 1721 965 1782 celebrandam
994 1722 1037 1782 sic
1065 1720 1280 1796 describitfflt:
1311 1722 1422 1794 „Post-

270 1839 359 1900 quam
376 1863 384 1880 .
401 1864 430 1880 ..
454 1821 605 1897 processio
629 1828 709 1882 extra
733 1819 885 1882 ecclesiam
913 1815 966 1898 (sc.
991 1820 1021 1880 S.
1045 1819 1138 1889 Pauli)
1168 1819 1269 1890 fuerit,
1297 1820 1423 1898 incipiat

271 1919 365 1980 maior
394 1926 499 1979 cantor
531 1919 721 1998 antiphonam
757 1921 843 1980 Cum
871 1918 1205 1998 appropinquaret
1233 1926 1288 1978 etc.
1335 1919 1421 1990 Quae

269 2017 313 2078 sio
334 2016 530 2096 protendatur
559 2019 652 2080 donee
674 2019 708 2080 ad
731 2017 956 2098 ,Capitolium
981 2017 1176 2096 perveniatur.
1221 2017 1325 2078 Clerici
1348 2035 1418 2077 cum

269 2117 460 2196 processione
484 2117 681 2178 monticulum
704 2117 864 2178 ascendant
893 2125 922 2176 et
945 2116 985 2176 ibi
1008 2135 1040 2176 se
1069 2116 1207 2176 ordinent
1237 2116 1360 2176 honeste
1384 2123 1414 2176 et

268 2215 421 2290 religiose3
450 2217 536 2277 turha
565 2226 664 2278 eutem
695 2218 726 2277 in
756 2216 888 2278 convalle
906 2225 1035 2276 stet...
1082 2213 1252 2286 Histricis,
1276 2213 1417 2274 ordinent

272 2331 305 2372 se
328 2313 404 2374 sicut
426 2315 509 2393 prius
533 2323 563 2375 et
584 2323 707 2375 teneant
729 2325 867 2394 coeptum
893 2314 950 2374 iter
965 2359 972 2374 .
989 2358 1022 2373 ..
1061 2313 1098 2372 Et
1126 2332 1193 2374 cum
1221 2313 1359 2372 venerint
1380 2313 1415 2372 ad

270 2410 388 2472 Portam
413 2412 522 2484 Martis,
546 2432 621 2492 quae
645 2431 726 2474 nunc
748 2413 855 2473 dicitur
871 2413 968 2490 Nigra,
992 2420 1072 2472 stent
1088 2412 1172 2491 pueri
1188 2430 1279 2490 snper
1295 2429 1416 2472 murum

269 2509 403 2582 civitatis
428 2519 582 2572 cantantes
606 2512 707 2573 laudes
731 2511 828 2572 Gloria
852 2517 939 2572 etc.“.
984 2510 1067 2570 Unde
1090 2510 1233 2589 sequitur,
1261 2517 1294 2570 ut
1322 2511 1417 2589 septi-

271 2627 319 2668 mo
342 2610 459 2671 saeculo
478 2611 591 2671 medius
614 2611 694 2671 inter
715 2611 867 2671 ecclesiam
892 2629 914 2670 s.
932 2609 1014 2670 Pauli
1038 2618 1068 2670 et
1085 2618 1185 2688 portae
1201 2609 1307 2686 Nigrae
1322 2610 1415 2679 locus,

270 2707 321 2786 qui
349 2725 411 2767 non
434 2707 464 2768 in
488 2709 652 2770 monticulo
680 2709 731 2768 sed
754 2709 816 2770 elus
837 2708 892 2768 sub
913 2709 1061 2768 radicibus
1084 2717 1169 2779 esset,
1193 2725 1304 2768 nomen
1330 2707 1416 2786 Capi-

269 2805 335 2866 tolii
365 2806 467 2868 ferret.
519 2807 619 2869 Tertio
653 2807 767 2868 decimo
797 2807 914 2870 sacculo
950 2826 1017 2868 cum
1046 2807 1093 2868 illa
1125 2806 1205 2867 urbis
1234 2806 1314 2884 regio
1343 2805 1415 2866 adeo

271 2905 408 2966 aediliciis
431 2906 540 2970 referta
564 2915 650 2980 esset,
676 2915 708 2968 ut
730 2925 839 2986 pompa
862 2906 897 2966 ad
921 2905 1098 2984 Capitolium
1123 2905 1286 2966 consistere
1308 2905 1415 2983 nequi·

268 3011 324 3076 ret,
353 3023 425 3065 crux
453 3006 601 3067 adoranda
631 3006 769 3066 translata
798 3015 843 3065 est
870 3005 905 3065 ad
938 3005 1088 3064 ecclesiam
1118 3005 1145 3064 S.
1170 3002 1305 3074 Maurici,
1339 3021 1415 3080 quae

270 3103 404 3181 proxime
427 3103 483 3164 sita
507 3103 685 3183 Capitolium
709 3101 937 3182 superabat⁹⁴⁸l
982 3103 1041 3164 Sub
1058 3103 1146 3162 finem
1164 3101 1271 3162 saeculi
1289 3101 1353 3160 Xlll
1371 3101 1414 3160 vi-

269 3252 455 3318 Hercnliosquo
479 3253 585 3304 audiant
607 3253 753 3318 praedicari
777 3253 890 3319 luppiter
916 3261 989 3319 pater
1016 3261 1042 3304 et
1067 3253 1185 3304 Minerva
1211 3253 1282 3304 socia
1304 3260 1331 3304 et
1353 3250 1414 3302 luno

266 3334 394 3399 placata.“

332 3416 378 3479 2⁴⁶)
395 3417 493 3467 Bulliot
510 3432 549 3482 ap.
572 3415 666 3467 Castan
691 3417 708 3466 l.
728 3417 744 3466 l.
771 3433 792 3483 p.
811 3418 843 3468 68
868 3417 924 3468 adn.
961 3416 1027 3468 Idem
1054 3417 1246 3480 dissertatione,
1274 3433 1347 3483 qnam
1373 3417 1414 3466 in-

264 3497 389 3562 scriptam
417 3497 621 3562 „Observatione
645 3498 803 3563 historiques
826 3506 852 3550 et
875 3496 986 3549 archdol.
1005 3515 1051 3549 sur
1074 3500 1112 3548 les
1135 3497 1238 3548 focilles
1260 3497 1414 3562 d'Acgusto·

264 3579 375 3628 dunnm“
399 3579 511 3630 inseruit
533 3580 789 3630 commentationibus
811 3580 922 3630 academ.
963 3581 1088 3630 Sarbena.
1106 3596 1128 3630 a.
1151 3581 1214 3632 1877
1233 3597 1256 3645 p.
1273 3581 1414 3640 131-150,

264 3661 295 3712 dc
318 3660 505 3724 magnificentia
530 3677 631 3727 operum
655 3662 816 3726 antiquorum
842 3664 905 3712 haec
927 3660 990 3712 facit
1013 3661 1104 3713 verba:
1128 3663 1250 3725 „aucune
1273 3662 1347 3712 ruine

268 3741 429 3806 n’annenqait
448 3757 498 3792 une
516 3742 612 3804 grande
630 3742 806 3793 richesae...
825 3743 895 3794 C'cst
914 3741 947 3805 ld,
970 3759 1020 3793 aux
1043 3744 1176 3794 alentonrs
1198 3743 1232 3794 dn
1251 3743 1368 3808 Cepitole
1387 3750 1413 3792 et

267 3825 300 3872 du
318 3822 410 3889 lorum,
430 3824 518 3890 qn'ont
535 3822 577 3874 e'te
596 3821 749 3874 ddoouverts
772 3825 811 3875 les
830 3825 914 3889 objets
937 3825 1012 3889 dart,
1038 3827 1077 3877 les
1100 3825 1182 3876 belles
1200 3823 1355 3890 mosaiqnes,
1374 3825 1412 3875 les

265 3905 376 3966 grandes
395 3906 548 3971 sculpturas.
585 3907 609 3956 Α
626 3921 728 3956 mesura
747 3905 821 3972 qu’on
841 3905 990 3970 s'dloignait
1012 3909 1042 3958 de
1067 3923 1096 3956 ca
1121 3915 1209 3957 oentre
1232 3906 1354 3971 luxoenx,
1382 3923 1410 3957 eu

265 3987 385 4036 reculant
403 4002 464 4040 vers
483 3988 522 4038 los
540 3995 676 4053 remparts,
699 3988 726 4038 la
744 3985 914 4053 somptuositd
933 3990 976 4039 des
995 3989 1187 4040 constructione
1206 3989 1350 4052 diminuait3
1373 3989 1411 4038 les

264 4065 421 4134 mosaiques,
440 4069 479 4119 les
498 4070 620 4132 marines,
639 4070 793 4122 deveaaient
811 4071 869 4136 plus
883 4085 954 4120 rares
973 4087 1006 4120 ou
1019 4071 1074 4136 plus
1087 4071 1225 4135 gressiers,
1242 4070 1267 4120 la
1279 4069 1410 4136 claapitean

266 4148 412 4200 corinthien
432 4151 620 4216 disparisaait‘t

335 4231 378 4294 ²⁴⁷)
398 4232 495 4294 Duuod,
523 4231 637 4283 Histoire
660 4233 704 4284 des
726 4230 866 4299 qunanois
893 4234 971 4290 ctdu
989 4231 1073 4285 comtd
1100 4235 1130 4284 de
1158 4233 1308 4298 Bourgosne
1338 4232 1410 4298 1735,

263 4327 376 4378 preuves
395 4329 418 4379 p.
431 4311 519 4364 XXX.

331 4395 377 4458 ¹⁴⁸)
395 4395 483 4448 Mense
506 4395 572 4450 Nov.
598 4413 621 4448 a.
647 4397 712 4448 1218
735 4396 802 4448 inter
825 4397 958 4448 ecclesium
985 4397 1011 4450 S.
1038 4395 1140 4462 loannis
1168 4403 1194 4448 et
1216 4396 1357 4450 Gnidonan
1380 4397 1409 4448 de
