3086 5110
622 330 880 396 -21—.

161 511 198 573 ab
226 518 354 590 utroque
385 509 460 570 male
487 508 634 570 intellecta
665 527 728 569 esse
759 526 875 570 moneo.
927 508 976 569 llle
1005 508 1103 577 enim,
1138 527 1204 570 oum
1233 515 1312 570 esset

161 611 339 673 architectus
363 609 485 687 Augusti
509 617 538 670 et
561 609 671 670 Romae
694 618 879 678 versaretur,
903 608 1035 686 exempla
1058 607 1259 669 aedilitiorum
1283 617 1312 670 et

160 715 429 770 monumentorum
452 725 513 768 nou
537 727 573 768 ex
596 715 660 766 toto
690 707 762 767 orbe
785 706 933 784 congessit
956 708 1007 768 sed
1038 707 1073 768 iis
1103 726 1177 786 quae
1202 708 1312 768 Romae
1370 751 1373 758 .

162 817 249 868 erant
283 807 318 867 ad
354 824 454 866 uerum
490 805 677 884 probandum
713 825 832 884 semper
865 824 938 864 usus
972 814 1025 864 est.
1078 806 1181 884 ltaque
1216 806 1312 868 varias

162 907 279 968 aedium
303 904 608 984 speciesdcscribens
638 905 869 983 araeostylorum
893 903 1007 982 fastigia
1030 905 1207 982 templorum
1232 906 1311 967 Tus-

163 1005 264 1065 canico
287 1023 369 1064 more
394 1005 524 1064 ornanda
548 1022 613 1064 esse
629 1004 670 1064 ait
692 1003 784 1080 siguis
808 1002 946 1062 fictilibus
971 1011 1022 1063 aut
1045 1002 1138 1064 aereis
1159 1004 1311 1066 inauratis.

163 1104 305 1184 Exemplo
328 1123 393 1164 esse
415 1103 516 1162 aedem
534 1101 649 1162 Cereris
671 1102 706 1160 ad
732 1102 847 1162 Circum
865 1101 1034 1172 Maximum,
1058 1102 1159 1162 aedem
1182 1102 1311 1166 llerculis

161 1221 176 1264 a
206 1203 347 1282 Pompeio
382 1202 492 1262 ibidem
523 1201 718 1269 aedificatam,
753 1201 854 1260 aedem
888 1199 963 1260 lovis
991 1200 1154 1280 Capitolini.
1205 1201 1310 1262 Mirum

161 1311 263 1364 autem
287 1308 373 1370 esset,
398 1300 422 1359 si
447 1300 562 1360 duobus
584 1300 727 1378 exemplis
746 1299 836 1360 Roma
853 1300 1038 1378 depromptis
1055 1299 1176 1360 tertium
1192 1299 1312 1362 aliunde

160 1419 280 1461 sumere
304 1407 467 1476 cogeretur.
510 1398 685 1478 Pompeium
702 1397 838 1475 Magnum
863 1399 964 1458 aedem
982 1398 1118 1458 Herculis
1141 1399 1176 1459 ad
1193 1399 1310 1460 Circum

162 1498 321 1559 Maximum
347 1497 503 1567 dedicasse,
539 1515 717 1575 quamquam
747 1497 831 1575 plura
859 1497 895 1557 de
923 1497 971 1557 illo
1000 1499 1111 1576 templo
1140 1499 1215 1560 scire
1248 1515 1311 1568 non

163 1599 258 1665 datur,
284 1615 336 1675 pro
360 1606 440 1658 certo
465 1595 564 1656 baberi
586 1595 740 1675 potest⁵4b

250 1696 418 1775 Pompeiani
442 1696 497 1755 fori
517 1696 546 1756 in
564 1705 646 1774 parte
662 1694 886 1774 septentrionali
903 1694 1016 1773 maguis
1037 1693 1309 1758 substructionibus

161 1795 326 1856 aediticium
354 1813 387 1856 se
410 1795 507 1854 attolit
535 1795 592 1865 ita,
628 1804 660 1854 ut
683 1795 734 1854 toti
759 1795 824 1856 foro
855 1793 1015 1857 immineat.
1062 1794 1133 1854 lllud
1165 1795 1308 1872 tempium

161 1895 256 1956 luisse
279 1911 338 1954 uon
364 1894 486 1960 curiam,
515 1893 662 1954 aerarium
686 1895 732 1953 vel
756 1893 937 1961 senaculum,
962 1902 995 1954 ut
1017 1893 1136 1973 quidam
1161 1893 1214 1954 viri
1231 1895 1311 1958 docti
1360 1963 1362 1967 ι

161 1995 329 2064 voluerunt,
353 2010 434 2053 nuno
457 1992 527 2053 satis
551 1991 723 2067 eoustat⁵⁶).
770 1992 832 2052 Nec
854 1992 951 2052 solum
975 1993 1119 2070 templum
1145 1992 1234 2054 luisse
1258 1993 1309 2054 sed

163 2091 249 2152 etiam
282 2092 443 2152 maximum
475 2100 503 2152 et
532 2090 855 2169 magnificentissimum
885 2090 955 2150 iude
988 2098 1119 2168 apparet,
1152 2091 1231 2169 quod
1253 2109 1309 2170 op-

161 2201 288 2270 portuno
312 2192 375 2249 loco
398 2193 510 2261 lorum,
540 2189 618 2248 illam
642 2187 725 2248 urbis
755 2197 868 2266 partem
893 2187 1111 2264 gravissimam,
1143 2189 1309 2267 superabat

162 2289 256 2360 Quam
298 2288 336 2348 ob
370 2305 432 2349 rem
470 2287 546 2349 lovis
586 2287 740 2366 Capitolini
775 2287 920 2365 templum
956 2287 1047 2348 fuisse
1083 2287 1142 2348 veri
1175 2305 1236 2348 non
1269 2287 1309 2353 ita

163 2387 304 2448 dissimile
327 2385 499 2464 videtur⁶⁶).

161 2559 372 2568 -..——.-—

161 2661 200 2712 roi
224 2667 313 2710 natura
337 2659 464 2726 postulat;
491 2665 580 2710 errant
602 2658 684 2723 igitur
708 2659 750 2724 qui
771 2647 953 2724 interpungere
971 2657 1056 2709 velint
1077 2659 1128 2710 sic:
1155 2659 1187 2708 ad
1206 2657 1308 2708 Circum

162 2742 300 2794 Maximum
318 2743 422 2792 Cereris
441 2751 467 2792 et
486 2741 611 2805 Herculis,
630 2741 777 2807 Pompeiani
796 2741 856 2790 item
875 2739 1005 2805 Capitolii.

230 2823 262 2889 ⁸⁴)
282 2821 347 2874 Plin.
368 2825 392 2873 h.
417 2841 440 2873 u.
457 2821 571 2874 XXXIV
592 2823 636 2872 57:
665 2821 799 2873 Herculem
826 2822 869 2887 qui
897 2829 936 2872 est
960 2821 1025 2887 apud
1048 2823 1144 2872 circum
1170 2819 1307 2873 Maximum

162 2907 187 2957 in
207 2907 269 2956 aede
287 2905 391 2972 Pompei
412 2905 508 2969 blegni3
528 2903 559 2954 cl.
580 2904 717 2954 Beckerum
736 2902 844 2969 Topogr.
865 2903 934 2953 Rom.
954 2918 976 2968 p.
990 2903 1048 2954 477.
1077 2904 1112 2954 lle
1132 2903 1246 2966 Rossins,
1265 2905 1308 2969 qui

162 2989 255 3054 primus
278 2989 367 3038 multis
387 2987 505 3036 Herculis
528 2987 633 3036 aedibus
657 2986 739 3036 saeris
761 2985 947 3049 distinguendis
966 3000 1068 3050 operam
1087 2985 1194 3036 navavit
1213 2985 1308 3035 disser-

161 3071 258 3120 tatione
276 3085 347 3135 qunm
370 3069 518 3134 inscripsit:
546 3066 605 3118 dell'
625 3067 677 3118 Ara
699 3067 816 3118 massima
836 3083 849 3117 e
874 3067 916 3118 del
940 3066 1033 3132 tempio
1053 3065 1172 3117 d’llreole
1191 3067 1233 3118 nel
1251 3065 1308 3116 loro

160 3150 251 3200 Boario
277 3159 302 3200 et
324 3167 431 3200 monum.
451 3149 542 3200 Annei.
567 3148 628 3198 bull.
653 3147 713 3198 inst.
735 3149 804 3199 arch.
823 3161 845 3198 a.
869 3147 932 3197 1854
957 3147 1081 3214 inseruit,
1103 3147 1147 3200 'ibi
1171 3165 1194 3214 p.
1214 3147 1246 3198 33
1271 3147 1309 3220 ila

160 3231 277 3281 disserit:
302 3229 428 3281 Perocche
446 3231 639 3297 l’appellazioue
658 3228 681 3278 di
700 3231 776 3280 aedes
794 3227 904 3296 Pompeii
918 3229 1003 3292 Magni
1022 3244 1035 3278 c
1054 3230 1080 3280 di
1099 3229 1223 3280 Hercules
1236 3227 1310 3280 Pom-

161 3315 265 3378 peianus
290 3313 364 3361 stimo
389 3319 497 3378 appuuto
521 3314 658 3378 adoperata
682 3328 725 3380 per
749 3312 906 3374 distinguere
931 3317 1020 3376 questo
1043 3313 1136 3378 lempio
1161 3311 1221 3362 dall'
1241 3312 1308 3362 altro

162 3391 204 3458 piu
224 3392 320 3442 famoso
340 3395 447 3442 rotondo
467 3395 517 3444 sito
537 3394 607 3442 ancb’
626 3409 683 3442 esso
703 3409 764 3459 appo
784 3393 803 3442 il
822 3393 893 3442 circo
907 3393 1038 3456 massim03
1056 3393 1167 3443 l’istoria
1182 3394 1223 3443 del
1236 3394 1309 3459 quale

162 3478 206 3526 che
227 3491 272 3524 ora
290 3473 459 3538 m'accingerb
479 3475 509 3524 nd
528 3475 662 3538 indagare,
690 3482 868 3540 esopratutto
888 3475 912 3524 la
932 3472 1014 3525 lorum
1032 3475 1062 3524 ed
1081 3476 1252 3527 orchitettura
1271 3475 1309 3524 di-

161 3557 311 3610 versissime
330 3557 360 3606 da
380 3557 465 3622 quelle
487 3558 532 3607 ebe
551 3573 661 3608 accenna
680 3557 815 3623 Vitruvio,
845 3573 893 3608 uon
912 3564 1068 3607 cousentono
1093 3558 1194 3620 iuguisa
1212 3573 1308 3609 veruna

166 3655 180 3689 a
200 3639 315 3704 Pompeo,
336 3639 381 3689 ebe
402 3654 477 3704 possa
496 3653 598 3690 esserne
617 3640 723 3691 creduto
744 3640 763 3689 il
781 3638 925 3689 laudatore.

230 3721 262 3784 ⁶⁶)
283 3719 424 3772 Ouerbeclr.
455 3719 539 3785 Pomp.
561 3721 639 3785 p.'89:
668 3719 719 3770 ear
744 3721 815 3770 scine
842 3721 987 3784 Bedentnng
1016 3720 1054 3771 als
1081 3719 1186 3786 Tempel
1211 3721 1310 3787 spriobt

161 3803 202 3852 die
221 3801 289 3866 Lege
308 3800 354 3852 aul
369 3801 425 3850 dem
443 3803 576 3852 scbdnsteu
591 3802 729 3868 Ranplatze
748 3801 793 3852 der
806 3803 889 3865 Stant,
907 3802 977 3852 scine
994 3801 1165 3867 Orientirung
1183 3804 1247 3854 neelr
1264 3804 1309 3853 der

162 3883 308 3932 tuslriseben
328 3882 579 3948 Augurnldisciplin,
603 3884 673 3934 seine
691 3891 842 3947 gesemmlc,
862 3885 921 3933 scbr
940 3884 1183 3935 olmrelteristische
1203 3885 1309 3948 balaga,

162 3963 202 4012 die
222 3962 384 4014 S‘aiulenballe
408 3965 454 4014 mit
472 3966 518 4014 der
541 3965 628 4014 biuter
647 3967 687 4014 ihr
705 3965 839 4029 liegendeu
858 3965 943 4023 Cella,
971 3965 1015 4016 das
1035 3966 1243 4016 Verbandansein
1263 3967 1309 4016 der

162 4045 302 4106 gewdlbten
321 4045 434 4097 larissae
450 4063 496 4096 zur
514 4047 721 4112 Aulbewabruug
734 4048 777 4098 des
790 4047 1021 4113 Teupelgertitnes.
1052 4047 1158 4110 Omitto,
1171 4065 1202 4100 nc
1215 4049 1309 4098 multus

162 4127 221 4190 sim,
247 4129 311 4191 qnod
335 4129 436 4179 Nissen.
460 4128 531 4179 Stud.
556 4129 639 4194 Pomp.
668 4145 690 4195 p.
711 4129 759 4178 322
783 4131 813 4178 de
840 4145 888 4178 usu
915 4129 1026 4180 aedilicii
1050 4130 1128 4193 dixit,
1156 4131 1247 4198 quippe
1266 4131 1309 4196 qui

164 4215 191 4257 ut
209 4208 311 4273 saepius
330 4209 366 4260 ita
385 4211 431 4260 boc
454 4211 512 4261 loco
532 4211 633 4275 iugenio
655 4209 735 4260 irenis
754 4212 821 4260 datis
840 4226 976 4276 parumque
995 4211 1051 4261 ueri
1071 4211 1248 4262 similitudinis
1267 4228 1309 4262 ra·

160 4289 231 4340 tione
250 4289 338 4340 habita
356 4292 442 4342 varias
462 4294 492 4343 de
513 4293 600 4358 templi
620 4309 668 4341 usu
687 4293 828 4342 sententias
847 4290 967 4342 facillime
986 4293 1139 4358 copulandas
1158 4301 1268 4344 censeat.

229 4371 260 4435 ὅθ)
281 4369 410 4437 Templum
429 4374 544 4440 pluribus
562 4373 706 4425 describere
725 4373 824 4437 omitto,
843 4389 898 4438 pum
915 4383 1035 4425 accurate
1047 4375 1203 4440 descriptum
1215 4375 1309 4424 habeas
