3114 5110
624 359 842 420 ..79-

162 557 226 599 eam
249 555 312 598 non
335 535 431 596 solum
453 533 587 595 moribus
601 534 804 613 institutisque
820 534 872 596 sed
888 534 975 594 etiam
993 531 1195 592 monumentis
1212 537 1303 592 totam

161 637 327 716 exprimere
355 631 579 712 studerent³⁰⁰).
631 633 724 712 Quam
755 633 877 693 obrem
901 651 1019 692 summo
1043 630 1079 692 iis
1102 637 1164 691 erat
1188 629 1303 701 leonori,

161 735 187 796 si
216 735 303 796 altera
331 733 376 793 rel
405 731 534 792 secunda
565 732 658 792 Roma
691 731 926 810 appellabantur,
956 729 1065 808 quippe
1097 749 1172 808 quae
1202 729 1304 790 melius

161 852 223 895 nou
251 839 375 912 possent
402 831 525 890 laridari.
571 830 631 890 Nec
660 847 729 890 casu
757 829 846 907 igitur
869 833 978 890 lactum
1010 847 1075 888 esse
1097 837 1184 907 puto,
1217 835 1249 888 ut
1271 845 1306 887 ex

162 931 234 1012 ipsis
257 929 475 1011 provinciarum
499 929 615 1008 oppidis
640 927 787 1008 primariis
812 928 1022 1008 Capitoliorum
1051 927 1219 988 testimonia
1243 933 1305 986 tra-

162 1031 221 1092 dita
238 1030 409 1101 habeamus,
423 1046 489 1088 cum
505 1028 581 1088 intra
599 1045 669 1088 snos
684 1027 759 1087 lines
776 1045 829 1104 pro
846 1028 936 1088 altera
949 1027 1075 1105 quadam
1089 1033 1191 1086 essent
1205 1024 1305 1084 lloma.

247 1129 307 1189 lam
330 1146 400 1188 vero
422 1127 614 1205 relinquitur,
642 1133 676 1186 ut
698 1125 842 1203 originem
866 1123 942 1184 illius
966 1125 1062 1184 cultus
1083 1124 1186 1202 paucis
1207 1123 1306 1182 verbis

162 1229 360 1297 illustremus;
392 1225 442 1306 qui
470 1225 549 1286 unde
573 1233 656 1285 ortus
684 1225 722 1285 sit
749 1223 857 1283 mirum
881 1230 1025 1302 quantum
1049 1222 1104 1282 viri
1126 1223 1206 1283 docti
1228 1221 1307 1282 inter

163 1347 196 1388 se
219 1326 409 1386 dissentiunt.
449 1324 503 1384 Alii
527 1324 607 1384 enim
629 1323 721 1383 totius
739 1321 836 1382 ltaliae
859 1339 1050 1382 communem
1075 1340 1204 1401 eumque
1228 1321 1307 1381 anti-

163 1425 341 1504 quissimum
371 1441 436 1484 esse
464 1422 647 1493 existimant,
677 1421 726 1482 alii
755 1422 866 1482 cultum
890 1440 905 1482 a
929 1420 1049 1492 'luscis‚
1081 1420 1128 1480 alii
1151 1439 1166 1479 a
1191 1420 1307 1480 Sabinis

164 1523 310 1600 originem
333 1522 451 1582 duxisse
468 1529 498 1580 et
512 1519 582 1580 inde
598 1521 721 1580 Romam
739 1520 894 1580 advectum
911 1537 976 1580 esse
991 1519 1104 1580 volunt.
1140 1518 1307 1598 deprimas

163 1621 283 1700 quidem
311 1619 513 1680 nominandus
542 1628 588 1678 est
616 1619 650 1678 H.
672 1619 835 1690 Nissenius,
866 1619 925 1696 qui,
956 1635 1023 1677 oum
1048 1619 1159 1677 cultum
1183 1623 1307 1677 aetatem

165 1721 367 1780 Romanorum
395 1734 536 1796 superare
566 1715 622 1776 sibi
650 1717 843 1794 persuadeat,
878 1717 919 1776 sio
949 1717 1012 1776 fere
1041 1715 1076 1775 de
1105 1715 1218 1791 origine
1245 1714 1309 1775 eius

164 1815 355 1889 disserit³⁰3):
381 1815 457 1887 „llas
480 1815 601 1894 Symbol
624 1815 676 1875 der
698 1815 730 1876 iu
753 1815 815 1876 drei
840 1815 945 1875 Tribus
967 1815 1163 1875 zerfallenden
1180 1815 1309 1891 Birger-

163 1915 259 1976 sehalt
280 1915 318 1976 ist
341 1913 392 1974 der
415 1912 637 1992 capitolinische
659 1913 783 1992 Jupiter.
828 1914 902 1974 Eine
926 1913 1005 1985 urbs,
1033 1914 1061 1973 d.
1079 1915 1107 1972 h.
1131 1913 1179 1973 ein
1201 1931 1308 1972 souve-

164 2019 251 2074 re'vuer
273 2013 353 2073 Staat
382 2011 457 2071 kann
488 2011 570 2072 nieht
599 2013 677 2072 olvne
706 2012 794 2072 einen
817 2012 939 2090 Tempel
968 2011 1126 2072 desselben
1151 2011 1310 2082 bestehen3

165 2113 245 2172 denn
274 2130 307 2170 so
336 2111 375 2170 ist
403 2111 536 2170 alleabar
563 2110 610 2170 die
638 2111 795 2172 Nachricht
822 2111 872 2171 des
902 2111 1021 2170 Servius
1052 2129 1088 2170 zu
1110 2113 1193 2188 Verg.
1210 2109 1310 2168 Aenl

165 2210 228 2269 422
262 2227 299 2270 zu
334 2209 579 2288 interpretieren:
625 2211 833 2288 prurientes
868 2209 1046 2270 Etruscae
1080 2208 1310 2287 disciplinae

166 2309 275 2380 aiunt
309 2309 400 2387 apud
436 2307 656 2368 conditores
689 2308 930 2370 Etruscarum
965 2307 1110 2368 urbium
1143 2325 1214 2366 non
1245 2325 1312 2385 pu-

165 2416 265 2468 tatas
294 2407 415 2466 instas
443 2407 567 2476 urbes,
595 2407 631 2468 in
662 2406 799 2486 quibus
822 2425 897 2468 non
927 2417 1002 2467 tres
1024 2416 1151 2484 portae
1181 2414 1312 2466 essent

167 2505 358 2566 dedicatae
387 2515 422 2566 et
451 2506 611 2576 votivae,
642 2515 678 2565 et
706 2513 760 2566 tot
782 2505 922 2584 templa
946 2505 1041 2564 lovis
1065 2503 1224 2564 lunonis
1246 2503 1310 2563 Mi-

167 2622 285 2664 nerva.
332 2602 449 2664 Ebenso
473 2603 574 2664 Vitruv
598 2603 610 2662 l
635 2605 668 2662 7:
707 2603 861 2664 aedibus
884 2622 969 2664 vero
996 2603 1125 2675 sacris,
1149 2621 1310 2682 quorum

167 2703 315 2763 deorum
347 2701 501 2762 maxime
528 2702 704 2762 intutela
728 2703 862 2764 civitas
886 2704 1156 2774 videturesse,
1181 2701 1312 2762 etlovi

168 2811 205 2861 et
242 2799 380 2860 lunoni
419 2808 457 2859 et
488 2799 672 2860 Minervae
707 2800 744 2860 in
783 2801 1037 2862 excelsissimo
1078 2802 1177 2871 loco,
1216 2801 1312 2861 unde

168 2899 357 2960 moenium
401 2898 555 2959 maxima
597 2917 678 2978 pars
726 2901 998 2980 conspiciatur,
1036 2917 1143 2960 areae
1183 2901 1314 2961 distri-

167 2997 356 3058 buantur“.
402 2997 552 3058 llactenus
582 2997 745 3060 Nissenius,
799 2999 941 3070 Quisnam
971 2997 1029 3058 fuit
1065 2999 1113 3058 ille
1144 2995 1314 3060 Vitruvius?

168 3095 239 3156 Fuit
270 3095 445 3156 architectus
481 3096 649 3168 Romanus,
677 3098 729 3177 qui
761 3098 843 3158 iussu
873 3097 997 3175 Augusti
1026 3115 1090 3157 eam
1114 3106 1205 3160 artem
1230 3116 1311 3159 exer-

169 3195 261 3254 cebat.
307 3194 462 3266 Quomodo
493 3194 679 3274 igiturquia
712 3196 775 3256 eius
800 3215 833 3256 ex
859 3196 955 3257 verbis
979 3197 1090 3258 cultum
1116 3197 1313 3276 Capitolinum

170 3292 412 3372 antiquissimum
437 3311 503 3354 esse
527 3293 642 3354 efficere
667 3295 744 3365 velit,
769 3313 821 3374 ego
845 3293 965 3374 quidem
988 3295 1151 3373 intelligere
1168 3311 1228 3356 non
1246 3315 1314 3374 pos-

172 3409 246 3450 sum.
289 3391 422 3452 Primum
440 3392 520 3452 enim
536 3391 584 3452 ille
601 3411 661 3453 iton
679 3393 796 3472 scripsit
811 3393 848 3454 de
864 3393 1058 3455 architectura
1074 3393 1183 3466 ltaliae,
1207 3395 1314 3454 deinde

169 3487 198 3548 id
221 3497 426 3568 praeceptum,
457 3491 536 3570 quod
559 3507 620 3551 non
642 3511 760 3572 semper
782 3500 951 3573 respectum
975 3512 1038 3553 esse
1072 3511 1159 3572 supra
1189 3493 1315 3553 demon-

169 3591 337 3663 stravimus,
361 3609 377 3649 a
400 3591 536 3652 Romano
560 3591 701 3672 Capitolio
725 3591 856 3652 deduxit.
901 3591 978 3664 Quid
1010 3589 1126 3652 multa?
1162 3593 1247 3653 lllum
1279 3593 1315 3652 de

169 3688 319 3767 Capitoliis
342 3689 439 3750 ltaliae
468 3690 597 3769 antiquis
627 3690 783 3768 cogitasse,
815 3709 872 3769 qua
900 3698 962 3751 erat
990 3690 1125 3750 omnium
1155 3710 1255 3754 rerum
1279 3691 1314 3751 ad

170 3797 266 3848 artem
290 3805 373 3848 suam
390 3806 452 3848 non
468 3789 680 3868 pertinentium
697 3807 814 3852 summa
829 3788 957 3861 inscitia,
981 3807 1069 3850 nemo
1091 3788 1175 3850 facile
1191 3791 1316 3850 demon-

161 3887 317 3948 straverit.
362 3887 406 3946 Ad
430 3887 524 3948 Servii
548 3888 635 3950 verba
650 3889 729 3966 quod
752 3888 868 3959 attinet,
891 3888 939 3948 illa
961 3907 977 3948 a
999 3887 1069 3948 viris
1092 3887 1185 3948 doctis
1200 3887 1316 3967 saepius

171 3984 207 4044 ad
236 3993 336 4062 partes
363 3993 464 4045 vocata
494 4003 581 4064 quam
611 3985 759 4046 intellecta
790 3985 931 4046 videntur
961 4005 1034 4046 esse.
1090 3986 1201 4046 Eorum
1236 3987 1316 4048 enim

173 4082 281 4143 auxilio
315 4083 389 4144 alius
418 4084 495 4145 aliud
527 4103 558 4146 se
592 4085 796 4145 demonstrare
822 4102 909 4162 posse
937 4084 1113 4162 imaginatus
1145 4091 1197 4146 est.
1243 4085 1317 4146 Tres

170 4189 283 4262 portas,
307 4200 433 4262 quarum
456 4183 505 4244 ille
528 4184 673 4256 meminit,
698 4183 812 4256 omitto,
837 4200 904 4242 cum
929 4201 1027 4262 neque
1050 4183 1138 4244 Ottlr.
1159 4183 1317 4245 Muellerus

241 4315 284 4378 ⁸⁰⁰)
303 4314 495 4377 Fricdlaender,
514 4317 685 4382 Sittengesch.
705 4314 753 4366 111⁶
772 4315 830 4366 too.

241 4397 287 4460 ⁸⁰¹)
305 4394 403 4462 Templ.
422 4413 445 4463 p.
467 4397 515 4448 145
535 4397 576 4463 (cl.
596 4415 619 4465 p.
632 4399 689 4463 88>ς
708 4398 779 4449 stud.
798 4397 882 4463 Pomp.
901 4412 925 4462 p.
944 4395 993 4446 320
1003 4411 1055 4462 sqq.
