3114 5110
605 395 828 460 ..73-

145 573 251 635 Mariae
274 582 343 635 ante
366 581 505 653 portam
530 574 694 653 Nigram,
718 575 746 635 id
770 583 814 636 est
837 585 916 637 extra
940 577 1046 637 veteris
1070 576 1169 656 oppidi
1187 595 1291 638 muros

145 674 200 734 sita
232 682 293 742 est,
321 691 388 742 cum
418 682 516 735 tamen
541 673 715 752 Capitolium
747 673 802 736 nisi
829 675 905 736 intra
929 675 1071 754 oppidum
1095 675 1214 753 eogitari
1238 693 1292 736 ne-

145 781 242 852 queat.
294 772 381 844 Quod
409 791 476 832 enm
505 771 659 850 antiquarii
691 779 769 832 recte
800 773 1012 852 intelligerent,
1045 774 1119 835 alius
1151 773 1206 833 alio
1228 775 1292 834 loco

146 870 279 950 Capitolii
309 871 429 948 vestigia
462 871 630 949 quaerenda
663 889 729 931 esse
756 871 913 932 arbitratus
942 880 996 932 est.
1053 872 1163 932 Verum
1192 879 1290 933 tamen

146 988 215 1030 eum
237 969 439 1029 fundamentis
463 969 602 1030 ecclesiae
618 969 742 1030 detectis
767 969 933 1049 „praeclara
950 970 1046 1049 operis
1063 971 1188 1030 llomani
1204 970 1293 1030 vesti-

146 1067 209 1153 gia''
232 1067 262 1128 in
285 1066 442 1128 ruderibus
466 1067 528 1128 eius
553 1069 732 1141 viserentur,
756 1068 790 1128 ad
814 1069 969 1148 antiquum
994 1067 1110 1147 aliquod
1127 1067 1292 1128 aedilicium

145 1165 284 1246 reliquias
306 1172 439 1244 spectare
462 1183 567 1225 omnes
589 1167 651 1227 lere
679 1174 869 1245 putaverunt.
915 1167 988 1228 lllud
1013 1167 1164 1226 Pantheon
1190 1165 1292 1236 luisse,

146 1284 208 1325 non
231 1263 421 1343 Capitolium,
452 1264 613 1326 censebant
636 1265 828 1345 Wyttenbach
852 1274 882 1326 et
904 1265 1062 1326 Muellerus
1096 1264 1189 1343 (Gest.
1206 1264 1292 1334 Tres,

147 1383 211 1442 cap.
228 1361 456 1441 xxvihela),
480 1364 618 1424 ecclesiae
641 1365 705 1426 loco
722 1364 819 1424 villam
844 1364 944 1437 inisse,
968 1381 1028 1423 non
1048 1363 1145 1442 magni
1162 1363 1292 1424 nominis

146 1461 320 1531 aedilicium,
337 1481 372 1522 ex
388 1461 599 1522 effossionibus
615 1462 655 1522 ibi
671 1462 814 1523 institutis
831 1463 925 1523 eiiecit
939 1463 1031 1522 Linde
1047 1463 1077 1538 (l.
1092 1481 1114 1523 c.
1129 1481 1156 1541 p.
1172 1461 1293 1533 38-42).

232 1559 344 1620 Deinde
359 1561 491 1632 fuerunt,
513 1561 563 1639 qui
583 1568 698 1639 portam
716 1561 843 1638 Nigram,
867 1581 954 1640 quam
972 1562 1073 1642 Poppo
1095 1560 1293 1640 archiepisco-

146 1677 204 1738 pus
226 1658 338 1719 Trevir.
354 1677 433 1718 auno
453 1658 532 1720 1035
554 1679 578 1718 s.
595 1659 738 1720 Simeonis
762 1660 791 1719 in
815 1661 969 1721 ecelesiam
995 1661 1149 1734 convertit,
1173 1659 1294 1739 Capito-
1397 1686 1400 1692 ¹

146 1758 219 1818 lium
243 1766 391 1836 praestare
414 1756 624 1835 docerent²⁷³).
661 1760 742 1831 Quae
766 1759 843 1838 quali
868 1759 934 1820 usui
957 1759 1046 1828 inerit
1069 1766 1225 1838 postquam
1243 1757 1293 1816 diu

146 1855 305 1935 antiquarii
336 1856 416 1916 inter
446 1875 477 1916 se
510 1856 789 1935 disceptarumffl),
824 1875 906 1917 nuno
941 1858 1059 1936 quidem
1096 1857 1178 1918 urbis
1209 1863 1293 1936 porta

145 1973 242 2033 eaque
264 1954 452 2033 triumphalis
476 1955 562 2032 vulgo
585 1962 714 2034 putatur.

236 2053 370 2113 Fortasse
401 2053 468 2132 quis
500 2053 622 2126 dixerit,
657 2055 734 2133 quod
765 2054 863 2114 Gestis
892 2055 1081 2115 Trevirorum
1116 2053 1237 2114 ecclesia
1270 2071 1292 2112 s.

149 2151 309 2212 Salvatoris
329 2151 360 2211 in
373 2151 513 2229 Capitolio
532 2161 791 2222 commemoretur,
817 2173 851 2213 ea
873 2171 906 2212 re
927 2153 962 2212 ad
980 2153 1081 2232 templi
1097 2153 1193 2212 locum
1209 2151 1294 2211 iuda-

147 2249 279 2326 gandum
300 2268 400 2311 ansam
431 2250 501 2310 dari.
536 2252 573 2310 ht
594 2251 641 2310 illa
666 2251 752 2311 verba
778 2270 837 2311 nou
859 2251 888 2311 in
913 2251 1051 2311 omnibus
1074 2253 1124 2310 sed
1142 2250 1294 2310 nonnullis

51 2339 55 2347 ’
148 2348 233 2408 libris
252 2367 321 2418 mss.
339 2349 433 2428 iisque
449 2349 645 2410 deterioribus
661 2368 728 2410 cum
750 2351 894 2428 legantur,
918 2350 1055 2410 Waitzius
1073 2350 1104 2411 in
1124 2357 1293 2410 contextum

149 2463 210 2507 non
233 2447 413 2526 receptam).

235 2544 369 2624 lienique
399 2545 491 2606 fuisse
524 2562 650 2612 moneo,
682 2547 733 2624 qui
766 2565 832 2619 eaS,
866 2565 941 2626 quae
974 2548 1059 2625 vulgo
1090 2548 1223 2607 thermae
1250 2547 1294 2606 vel

148 2643 296 2704 theatrum
321 2644 364 2704 vel
387 2645 528 2724 palatium
552 2644 715 2715 habentur,
744 2645 846 2706 ruinas
877 2646 913 2705 ad
937 2646 1110 2725 Capitolium
1134 2665 1196 2706 non
1219 2646 1295 2706 male

148 2743 294 2820 quadrare
316 2741 524 2819 putarent²²⁶t
570 2743 627 2803 Sed
653 2743 729 2830 hanc
752 2763 814 2804 rem
839 2744 959 2804 missam
984 2745 1136 2805 iaciamus.
1175 2745 1294 2822 Capito-

148 2842 220 2900 lium
243 2848 324 2901 certo
347 2843 466 2920 quidem
484 2842 610 2902 Treviris
634 2842 733 2911 luisse,
757 2843 807 2902 sed
831 2862 890 2921 quo
915 2843 996 2902 urbis
1012 2844 1077 2902 loco
1094 2842 1185 2902 luerit
1202 2861 1296 2920 usque

149 2939 184 3000 ad
209 2939 291 3002 huno
313 2941 391 3002 diem
416 2941 472 3002 dici
496 2959 668 3028 nonposse
691 2941 913 3001 demonstrasse
935 2942 1005 3000 satis
1029 2940 1149 3000 habebo.

153 3149 226 3211 1187,
247 3149 559 3202 12191nonasterium
579 3158 689 3201 sancte
708 3149 1043 3212 Marioadmartires3
1063 3149 1166 3199 aluos
1186 3147 1295 3198 eccle-

149 3230 197 3280 sia
215 3231 306 3282 beate
326 3232 470 3296 virginis
490 3233 592 3282 Marie
610 3232 660 3281 dei
678 3231 904 3295 genitricisad
918 3231 1081 3281 martires.
1108 3229 1296 3296 Atqucnostris

149 3312 199 3361 iam
211 3313 369 3378 temporibus
383 3313 493 3364 ecclesio
506 3315 590 3364 utitur
603 3329 631 3364 ca
646 3313 841 3377 significatione,
860 3329 932 3378 quam
943 3329 992 3361 nou
1007 3313 1086 3377 prins,
1099 3327 1170 3377 quam
1183 3310 1296 3360 monachi

149 3395 253 3444 saeculo
266 3393 302 3443 Xl
318 3403 426 3444 excunte
446 3396 506 3445 illas
525 3403 667 3462 martyrum
687 3401 845 3460 repertorum
864 3393 962 3443 iabulas
982 3402 1025 3442 aut
1045 3394 1070 3442 in
1083 3409 1154 3442 usum
1168 3392 1294 3442 ecclcsiae

150 3475 315 3526 vindicarent
337 3483 382 3526 aut
406 3477 558 3540 invenirent,
582 3485 663 3527 ortam
682 3492 739 3526 esse
762 3475 820 3525 luca
842 3475 939 3525 clarius
958 3476 1069 3526 videtur.

218 3571 260 3634 ²⁷³)
279 3572 391 3634 brewes,
409 3572 562 3638 Antiquitat
582 3571 683 3622 Treuir.
704 3571 713 3621 l
734 3572 794 3634 1463
814 3571 845 3620 do
864 3570 956 3635 llaupt,
981 3569 1072 3620 Triers
1093 3568 1297 3639 Vorgangenheit

153 3654 202 3702 und
222 3654 385 3718 Gcgenwart,
404 3661 469 3719 part.
488 3653 498 3703 l
517 3671 539 3720 p.
555 3654 610 3706 118.
1228 3663 1231 3667 “

219 3748 263 3809 ¹¹⁴)
283 3747 387 3798 Maximi
407 3742 530 3814 ponderis
551 3747 692 3798 sententias
718 3747 825 3810 collegit
847 3746 936 3809 Linde,
960 3746 1006 3796 Die
1030 3753 1104 3810 porta
1128 3745 1208 3806 Nigra
1227 3761 1250 3794 u.
1270 3745 1293 3793 d.

150 3829 310 3896 liapitolium
333 3830 378 3878 der
397 3828 515 3880 Treviris
539 3846 562 3878 a.
585 3829 648 3879 1852
673 3846 695 3894 p.
710 3829 817 3878 11-14.
853 3827 930 3878 Porta
955 3828 1042 3892 Nigra,
1066 3828 1091 3877 id
1115 3834 1155 3877 est
1172 3826 1259 3887 Nicro,
1281 3841 1295 3874 a

150 3913 251 3962 flumine
264 3910 344 3962 Nicro
358 3919 514 3976 nuncupatam
534 3911 625 3960 deinde
639 3925 726 3960 nomen
741 3911 845 3960 videtur
857 3916 990 3973 mutatum,
1009 3926 1057 3975 quo
1074 3909 1165 3958 melius
1184 3915 1295 3974 portae

150 3993 245 4043 albae
264 4000 444 4059 opponeretur,
463 3991 495 4042 ci.
516 3993 596 4042 Linde
615 3993 632 4042 l.
652 4010 673 4042 c.
692 4009 716 4058 p.
730 3993 770 4042 25.

222 4087 267 4150 ²⁷⁶)
286 4087 398 4138 Exstant
415 4089 439 4136 in
461 4088 646 4155 Wyttoubacbi
664 4096 691 4138 et
709 4087 831 4138 Muelleri
850 4089 911 4138 edit.
932 4103 984 4153 cap.
999 4087 1040 4150 38,
1058 4088 1150 4136 desunt
1162 4086 1238 4136 etiam
1257 4100 1295 4147 ap.

151 4171 301 4236 d’Aschery‚
314 4169 478 4234 spicilegium
491 4170 548 4221 sivo
561 4169 682 4220 collectio
696 4175 810 4219 veterum
823 4170 921 4235 aliquot
933 4168 1087 4234 scriptorum
1101 4168 1143 4234 qui
1156 4169 1181 4217 in
1196 4165 1296 4216 Galliac

151 4252 316 4302 bibliothecis
335 4251 501 4316 delituerant,
519 4252 571 4304 vol.
590 4251 610 4301 ll
629 4268 652 4302 a.
667 4250 740 4302 1723.

220 4347 265 4407 ²⁷⁰)
283 4346 335 4396 lloc
362 4345 478 4412 pluribus
508 4346 597 4398 vorbis
625 4348 716 4396 docere
751 4344 847 4395 studuit
874 4344 968 4410 Lindo,
1001 4345 1052 4394 Der
1084 4342 1297 4405 Fraakenberzog

152 4427 326 4493 iiictiovarus,
346 4443 369 4493 p.
384 4428 415 4478 52
426 4443 478 4494 sqq.
647 4435 648 4438 ’
