3114 5110
608 359 830 421 ..69-

148 557 222 618 quae
244 536 285 598 cis
302 535 388 615 Alpes
411 544 495 597 eraut
518 537 624 616 oppida
647 535 819 616 primarium
842 537 1000 616 quemdam
1021 537 1117 598 locum
1134 537 1291 600 obtineret.

147 637 232 708 Quod
257 635 384 696 maxime
407 635 484 694 valet
505 635 575 696 inde
603 636 637 696 ab
661 653 740 694 auno
765 634 843 707 292,
872 654 932 714 quo
955 636 1145 698 Constantius
1168 638 1292 699 Chlorus

146 734 188 794 ibi
216 734 332 813 imperii
361 733 462 794 sedem
495 733 665 805 constituit,
702 732 750 793 cui
778 733 827 812 qui
861 744 1070 794 successerunt
1099 734 1292 813 imperatores

147 838 186 908 (e.
210 852 237 911 g.
260 831 454 892 Maximianus
478 831 639 892 Herculeus
663 832 877 894 Constantinus
901 832 1047 892 Constans
1072 833 1292 896 Valentinianus

151 930 211 1009 alii)
234 931 312 992 idern
330 932 474 1000 iecerunt,
500 931 594 990 tlonec
616 930 724 1010 oppido
747 930 911 992 identidem
928 950 949 990 a
966 930 1121 992 Germanis
1144 933 1292 994 devastato

150 1029 233 1089 initio
260 1029 365 1090 saeculi
395 1028 492 1108 quinti
516 1028 585 1089 iude
608 1029 713 1089 cedere
740 1038 770 1089 et
798 1030 1013 1108 praefecturam
1037 1031 1198 1092 transferre
1220 1033 1291 1092 dre·

148 1128 235 1188 latem
260 1127 449 1206 cogebantur.
499 1127 541 1187 Eo
565 1136 664 1188 autem
688 1135 824 1206 tempore
847 1127 918 1188 urbs
940 1128 970 1188 in
991 1127 1173 1190 Francorum
1198 1128 1292 1190 dicio-

150 1247 220 1288 nem
243 1226 387 1307 pervenit.

232 1325 284 1385 His
299 1325 387 1402 igitur
402 1325 571 1404 praemissis
587 1325 660 1386 tanti
677 1324 807 1385 nominis
824 1325 855 1386 in
872 1323 981 1402 oppido
997 1323 1173 1402 Capitolium
1188 1325 1291 1398 luisse,

148 1426 183 1486 ad
208 1424 279 1484 alias
303 1422 390 1484 urbes
414 1424 439 1483 si
461 1424 646 1503 respicimus,
670 1442 731 1484 non
755 1422 844 1484 modo
868 1440 928 1483 non
950 1423 1012 1483 veri
1035 1421 1130 1484 simile
1152 1424 1203 1484 sed
1227 1445 1291 1486 cer-

145 1523 293 1584 tissimum
319 1522 434 1582 videtur
458 1522 600 1599 essem),
623 1522 690 1582 licet
719 1531 901 1597 argumenta,
925 1539 992 1596 cum
1016 1522 1165 1600 pendeant
1187 1542 1203 1583 a
1227 1524 1292 1584 vnl-

146 1623 206 1701 gari
231 1623 322 1693 lama,
351 1639 411 1680 nou
434 1622 561 1682 multum
587 1639 656 1700 prae
679 1639 710 1681 se
733 1624 829 1681 lerant
852 1620 920 1680 fidei
942 1629 1031 1699 atque
1053 1620 1162 1681 iudicii.

231 1725 273 1780 Ac
295 1719 389 1798 prima
413 1721 533 1799 quidem
557 1720 690 1799 Capitolii
714 1720 826 1780 mentio
851 1719 977 1780 occurrit
999 1719 1030 1778 iu
1054 1720 1125 1780 vita
1148 1740 1194 1781 ss.
1219 1721 1291 1781 Eu-

146 1818 260 1880 charii
284 1818 419 1878 Valerii
443 1818 671 1890 Materui²⁶³t‚
695 1819 779 1878 cuius
802 1824 905 1879 auctor
927 1816 994 1896 quis
1010 1817 1100 1878 suerit
1116 1835 1177 1878 uon
1192 1826 1290 1898 patet:

146 1917 193 1978 alii
224 1917 453 1988 Eberhardo²⁵⁹l
484 1917 532 1977 alii
560 1915 817 1990 Getdseher0²⁶⁰),
849 1917 994 1977 monacho
1023 1936 1046 1976 s.
1070 1915 1195 1977 Mathiae
1223 1937 1291 1978 coe-

145 2014 244 2087 nobii,
273 2015 324 2076 uhi
346 2023 408 2075 tum
438 2016 560 2094 insignis
591 2016 734 2095 quaedam
756 2025 820 2076 erat
843 2016 959 2076 officina
981 2014 1147 2076 fabularum
1171 2018 1292 2078 ecclesi-

146 2113 380 2191 asticarum²⁶¹),
404 2114 548 2175 tribuunt.
588 2115 645 2175 Sed
670 2115 806 2194 quisquis
830 2116 894 2189 luit,
918 2116 973 2176 hoc
995 2122 1119 2189 constat,
1143 2123 1211 2176 autc
1226 2135 1291 2178 sae-

146 2213 246 2274 cnlum
270 2211 296 2271 X
326 2211 415 2273 vitam
445 2230 506 2272 non
534 2215 730 2292 conscriptam
755 2212 889 2292 essem).
944 2214 1004 2274 Nec
1026 2233 1096 2274 vero
1118 2215 1290 2275 recentioris

145 2319 192 2371 est
214 2311 335 2382 aetatis,
366 2329 433 2371 cum
461 2330 524 2371 eam
549 2312 675 2390 amplexi
698 2311 759 2372 sint
783 2312 932 2390 Remigius
953 2311 1176 2374 Mediolaceusis
1200 2312 1289 2387 (saec.

144 2407 253 2487 ch.)
282 2415 312 2468 et
339 2408 512 2487 florigeros,
542 2411 631 2471 abhas
656 2411 823 2482 lobiensis,
859 2413 911 2490 qui
939 2430 964 2470 a.
991 2412 1071 2471 tout
1095 2411 1182 2482 cuitu
1216 2413 1290 2472 adde

144 2507 224 2587 quod
248 2514 351 2568 auctor
373 2506 447 2568 vitae
470 2527 492 2568 s.
516 2509 618 2587 algritii
640 2510 755 2570 sacculo
779 2509 818 2568 Xl
840 2507 1026 2588 scriptae²⁰³l
1049 2509 1084 2570 ad
1109 2509 1289 2570 Eucharium

144 2605 304 2685 respiciens
326 2604 414 2666 verba
437 2605 474 2666 de
497 2607 638 2686 Capitolio
660 2608 735 2668 lacta
758 2608 793 2668 ad
817 2607 939 2668 verbum
963 2607 1024 2668 fere
1047 2609 1208 2687 exscripsit.
1253 2611 1290 2669 ut

144 2713 246 2766 contra
281 2723 346 2764 eam
375 2707 541 2766 sacculoll
573 2706 771 2786 antiquiorem
807 2723 867 2766 non
897 2725 976 2775 esse,
1010 2707 1079 2766 inde
1104 2707 1289 2786 intelligitur,

145 2803 224 2884 quod
247 2809 365 2882 praeter
387 2821 479 2864 uuam
503 2824 526 2864 s,
542 2804 692 2866 Maximini
715 2805 803 2865 vitam
818 2805 928 2864 Treuir.
945 2803 1010 2864 libri
1035 2805 1149 2865 saeculo
1167 2805 1191 2864 X
1211 2807 1289 2866 anti-

143 2902 263 2982 quiores
292 2909 410 2964 exstant
438 2903 583 2980 nulli⁹⁰⁴).
636 2904 712 2976 Quid
741 2903 829 2980 igitur
855 2902 891 2962 de
922 2902 979 2962 lide
1008 2903 1071 2963 eius
1102 2901 1290 2964 statuemus?

143 3017 357 3028 ———·———·-

212 3080 255 3140 ’55)
273 3077 442 3144 imperatores
462 3093 483 3127 e.
497 3093 520 3140 g.
541 3077 746 3127 Valentinianum
766 3084 791 3126 ct
805 3075 953 3126 Gratianum
968 3091 989 3125 a.
1005 3091 1027 3141 p.
1042 3075 1100 3126 Chr.
1114 3075 1162 3126 368
1182 3075 1289 3140 (dusou.

144 3161 208 3212 Mos.
229 3161 336 3226 ttusq.)
356 3160 391 3210 ibi
410 3160 551 3224 triumphos
571 3159 654 3221 egisse
673 3159 795 3224 quomodo
820 3158 901 3208 aliter
919 3157 1028 3220 cogitari
1051 3157 1132 3222 possit
1155 3158 1205 3208 nisi
1223 3159 1289 3224 qnod

51 3240 53 3245 ’
144 3243 180 3292 ibi
199 3243 317 3308 templum
337 3241 508 3306 Capitolinum
528 3239 615 3303 suerit,
635 3257 681 3305 ege
701 3241 799 3306 quidem
819 3239 915 3290 nescio.

211 3325 256 3387 ’55)
275 3323 305 3373 Α.
323 3323 366 3374 SS.
388 3321 438 3372 lou.
457 3321 490 3387 (a.
510 3324 532 3372 d.
553 3321 586 3373 lV
605 3321 661 3372 lial.
681 3322 765 3384 Febr.)
786 3331 845 3373 tom.
864 3321 896 3372 lll
915 3339 937 3388 p.
952 3323 1001 3373 534
1012 3337 1067 3387 sqq:
1086 3322 1213 3384 ‚‚Tuudem
1233 3338 1288 3388 per-

144 3405 212 3458 lecto
226 3406 320 3456 itinere
334 3405 459 3455 Treviros
472 3412 651 3470 pervenerunt,
670 3405 712 3454 ubi
729 3411 817 3454 tantus
835 3405 991 3466 gentilitatis
1004 3419 1078 3454 error
1092 3404 1182 3464 inerat,
1200 3411 1229 3453 ut
1242 3419 1288 3454 ex-

143 3488 225 3554 ceptis
247 3487 405 3549 singulorum
429 3488 563 3553 penatibus
592 3487 615 3535 iu
642 3503 692 3535 uuo
716 3487 773 3536 loco
797 3486 913 3536 civitatis
937 3493 1039 3536 centum
1064 3493 1160 3536 statuto
1184 3486 1287 3537 idcina

143 3571 234 3635 populo
253 3569 413 3634 generaliter
432 3569 579 3618 colerentur
598 3575 625 3618 et
643 3584 688 3634 per
706 3583 736 3618 ea
755 3568 844 3618 miseri
863 3569 996 3634 responsis
1009 3569 1157 3619 daemonum
1170 3583 1199 3618 uc
1213 3584 1287 3634 prae-

143 3652 229 3716 stigiis
253 3651 445 3701 deluderentur.
536 3651 645 3714 Cumque
673 3667 693 3699 ι.
717 3650 858 3699 llucharius
881 3650 1065 3715 per-singulos
1090 3649 1144 3698 dies
1169 3651 1287 3715 populum

143 3733 298 3791 admoueret,
318 3739 345 3781 ut
365 3732 434 3782 idola
449 3747 514 3782 vana
526 3733 613 3782 colere
626 3739 765 3795 cessarent,
784 3731 890 3796 quodum
904 3731 944 3781 die
959 3768 964 3779 .
980 3767 984 3777 .
1000 3767 1005 3779 .
1020 3730 1153 3795 pontifices
1166 3730 1287 3795 Capitolii

144 3813 240 3863 invidia
258 3815 375 3864 succensi
393 3814 526 3864 maximam
545 3822 643 3879 partem
661 3813 747 3879 populi
766 3819 856 3862 contre
876 3828 920 3862 cos
939 3812 1157 3861 concitaverunt

213 3893 256 3958 ²⁶⁹)
274 3896 418 3959 Houtlreim‚
437 3895 501 3945 ilict.
520 3894 622 3946 Treuir.
641 3895 702 3960 dipl.
720 3894 730 3944 l
749 3911 771 3960 p.
790 3893 871 3956 XVll,
888 3891 921 3943 111
939 3909 962 3958 p.
975 3893 1034 3943 965.

210 3976 255 4039 ’55)
274 3977 387 4027 Bolluud.
407 3977 424 4027 l.
444 3993 466 4026 c.
485 3975 564 4042 praei.
584 3974 600 4038 ᾗ
619 3976 642 4025 3.

210 4057 254 4122 ’5’)
272 4056 451 4120 wattenbach,
472 4057 654 4107 Deutschluuds
674 4055 927 4121 Geschichtsquelleu
946 4054 967 4104 ll
986 4055 1026 4104 ut.

209 4140 252 4202 ’5’)
273 4139 369 4200 Waitz,
387 4137 471 4190 Preef.
490 4146 556 4201 gest.
574 4139 678 4188 Treuir.
702 4155 740 4204 up.
760 4137 901 4202 Pertzium,
926 4137 993 4187 Mon.
1013 4137 1097 4188 Germ.
1123 4139 1211 4204 script.
1231 4137 1285 4189 Vlll

141 4238 164 4286 p.
186 4221 242 4272 113.
590 4257 594 4266 .

209 4302 255 4365 ’55)
273 4302 304 4352 Α.
323 4300 366 4351 SS.
387 4300 435 4352 lau.
454 4309 514 4352 totu.
533 4300 554 4352 ll
573 4319 593 4367 p.
607 4301 648 4350 55.

210 4384 253 4448 ¹⁸⁴)
272 4383 368 4435 Waitz.
387 4384 404 4433 l.
424 4399 445 4434 c.
466 4401 488 4449 p.
504 4384 560 4436 111.
