3086 5110
585 335 806 398 ..or-

126 515 187 576 illac
211 513 332 576 dubium
356 511 428 591 quin
451 511 487 572 de
510 511 638 588 collegiis
661 511 843 573 funeraticiis
859 511 1045 588 cogitandum
1062 511 1109 574 sit.
1148 511 1272 574 Coibant

125 612 205 674 enim
230 611 368 672 homines
391 610 541 670 tenuiores
564 627 598 670 ea
624 609 699 688 lege,
728 618 760 669 ut
786 609 933 671 sodalibus
957 630 991 672 ex
1023 611 1175 672 communi
1204 631 1271 676 arca

124 711 200 791 stipe
224 719 375 772 menstrua
399 728 542 788 perpensa
566 707 774 770 luneraticium
798 709 1015 786 solveretur⁸⁷).
1052 712 1154 772 Aetate
1171 719 1270 774 autem

122 810 334 889 imperatorum
359 826 426 870 cum
449 825 602 868 servorum
619 825 683 868 sors
700 807 738 868 ita
763 815 942 868 commutata
966 817 1059 880 esset,
1083 817 1115 869 nt
1139 811 1270 870 humano

124 927 233 987 genere
250 907 364 986 dignior
379 907 474 978 fieret,
495 907 531 966 iis
547 925 605 968 non
622 907 717 968 solum
734 905 906 977 conubium,
930 905 975 968 ius
996 906 1177 980 hereditatis,
1202 928 1272 988 pos-

123 1006 217 1066 sessio
241 1023 378 1066 concessa
401 1006 451 1066 sed
477 1005 564 1066 etiam
589 1006 737 1083 permissu
760 1003 950 1066 dominorum
974 1005 1003 1064 in
1032 1005 1149 1082 collegia
1172 1008 1271 1068 tenui·

125 1124 210 1166 orum
227 1106 319 1184 recipi
331 1123 506 1166 concessum
520 1103 619 1179 est⁸⁸).
631 1137 674 1146 -
687 1103 845 1182 Pompeiis,
862 1105 949 1164 modo
962 1103 1111 1180 contingat
1127 1114 1158 1164 ut
1170 1119 1271 1168 verum*

124 1205 294 1278 viderimus,
317 1203 494 1283 Capitolium
519 1204 548 1264 in
573 1211 654 1282 parte
676 1202 733 1262 fori
760 1202 982 1282 septentrionali
1002 1203 1187 1264 aedificatum
1210 1212 1273 1266 erat

124 1303 174 1378 ita,
200 1303 325 1364 utillud
349 1301 385 1363 ab
410 1322 441 1363 ea
464 1309 547 1381 parte
569 1317 664 1380 paene
685 1300 821 1380 saepiret.
867 1301 926 1362 Nec
948 1300 1032 1362 aliter
1053 1319 1118 1362 rem
1146 1301 1272 1364 fortasse

123 1421 156 1462 se
184 1401 294 1462 babere
324 1400 423 1462 Ostiae
452 1400 558 1462 Nissen
587 1398 753 1478 iudicat⁸⁹).
797 1399 831 1461 ln
858 1418 925 1462 area
951 1399 1031 1462 enim
1060 1401 1187 1480 quadam
1217 1401 1271 1461 ob·

126 1502 214 1579 longa
239 1501 344 1573 forma,
368 1519 456 1580 quam
481 1500 528 1560 ille
550 1500 650 1562 sorum
674 1501 766 1562 luisse
788 1499 964 1578 suspicatur,
988 1499 1132 1578 templum
1158 1499 1271 1578 magnis

125 1599 396 1662 substructionibus
418 1606 522 1672 exstat,
546 1601 624 1678 quod
648 1619 716 1662 cum
740 1599 775 1659 ad
798 1597 1017 1677 septentriones
1040 1606 1178 1678 spectans
1207 1617 1272 1660 eam

124 1699 179 1760 loci
204 1706 316 1779 partem
341 1698 474 1759 recludat
496 1705 525 1758 et
548 1699 609 1760 loca
625 1698 862 1762 circumiacentia
878 1705 1007 1778 superet,
1024 1697 1100 1759 lovis
1116 1693 1273 1778 Capitolini

123 1797 216 1858 fuisse
233 1797 359 1858 ridetur.
394 1797 481 1858 Certe
497 1797 660 1869 Nissenius,
685 1798 736 1877 qui
752 1797 853 1876 templi
869 1797 1003 1858 modulos
1020 1797 1124 1875 exegit,
1149 1797 1271 1858 cosdem

123 1897 186 1956 lere
216 1914 282 1956 esse
313 1914 346 1956 ac
376 1895 476 1975 templi
499 1895 672 1976 Pompeiani
704 1895 864 1958 contendit.
911 1895 966 1956 Sed
990 1914 1057 1956 cum
1082 1914 1114 1956 aa
1137 1895 1271 1974 quaestio

126 1993 184 2056 nisi
206 1994 340 2074 plurimis
363 1993 570 2056 effossionibus
597 1995 744 2056 institutis
772 1993 844 2054 solvi
875 2001 1018 2072 nequeat,
1048 1993 1126 2054 ultro
1154 1993 1273 2073 prodire

125 2092 212 2154 nobis
247 2110 308 2152 non
342 2093 437 2154 datur.
473 2127 511 2136 -
548 2093 633 2165 Quod
667 2093 714 2154 ille
748 2091 933 2171 Asclepiades
967 2091 1103 2154 aedituus
1137 2091 1271 2170 Capitolii

125 2191 242 2263 dicitur,
266 2208 329 2250 non
352 2190 460 2252 mirum
478 2200 532 2262 est,
555 2209 622 2252 cunr
639 2191 750 2252 Romae
767 2191 796 2252 in
814 2189 958 2269 Capitolio
975 2189 1063 2251 sicuti
1078 2189 1110 2250 in
1130 2189 1271 2256 omnibus

124 2290 247 2350 deorum
271 2288 392 2348 aedibus
416 2289 526 2350 aeditui
548 2287 707 2364 essent⁹⁰).

211 2386 271 2446 lam
295 2394 386 2448 restat
409 2387 494 2448 utin
518 2387 722 2448 condicionem
744 2386 824 2448 urbis
845 2386 945 2466 paucis
969 2386 1164 2466 inquiramus.
1202 2387 1272 2450 Erat

129 2483 211 2546 Ostia
245 2483 339 2562 prima
369 2485 479 2546 civium
510 2486 714 2548 Romanorum
744 2485 857 2548 colonia
888 2484 943 2546 sub
966 2489 1048 2546 duco
1070 2483 1179 2546 Marcio
1201 2504 1271 2564 rega

124 2583 307 2662 deductam).
353 2583 433 2656 Quae
467 2604 534 2646 cum
569 2593 648 2646 esset
678 2593 781 2664 portus
809 2585 920 2646 Romae
949 2595 979 2646 et
1007 2584 1088 2646 urbis
1116 2594 1270 2666 tamquam

124 2700 191 2762 pars
214 2683 331 2760 integra
356 2682 427 2760 quin
450 2701 568 2762 parvam
594 2683 741 2764 quandam
767 2684 877 2744 Romae
904 2682 1063 2761 imaginem
1092 2683 1271 2762 expresserit

125 2780 267 2841 dubitatio
300 2799 360 2841 non
390 2781 483 2842 datur.
535 2781 696 2862 Postquam
730 2782 765 2842 ab
792 2783 925 2860 Augusto
959 2791 1042 2843 aucta
1077 2790 1106 2842 et
1134 2783 1268 2862 suppleta

126 2879 234 2959 erat⁹²)
266 2879 392 2942 subinde
422 2880 615 2960 Vespasianus
645 2881 789 2943 Traianus
821 2880 985 2942 Hadrianus
1016 2881 1093 2959 agris
1125 2880 1269 2942 militibus

126 2977 307 3056 assignandis
330 2979 436 3038 urbem
459 2979 711 3059 amplificaverunt
721 2978 769 3061 ⁹³).

575 3213 579 3219 .
636 3155 761 3212 Falerii.

177 3355 179 3362 J
208 3272 294 3333 Nunc
327 3273 412 3332 venio
441 3275 476 3334 ad
507 3275 613 3354 oppida
641 3274 793 3348 Etruriae,
826 3277 856 3338 in
880 3275 987 3356 quibus
1011 3275 1150 3355 Capitolia
1178 3275 1269 3344 luisse

123 3371 296 3442 traduntur,
332 3389 458 3450 quornm
487 3373 674 3436 condiciones
701 3375 726 3436 si
749 3377 815 3456 quis
844 3385 962 3438 acurato
989 3373 1169 3454 reputaverit
1197 3375 1269 3436 haee

123 3487 242 3548 quoque
270 3468 411 3548 Capitolia
445 3489 460 3530 a
494 3471 633 3534 Romanis
668 3473 812 3552 originem
846 3475 966 3538 duxisse
1005 3474 1077 3536 mibi
1114 3475 1272 3536 concedet..

123 3571 164 3630 bc
189 3567 370 3630 Faleriorum
401 3569 519 3648 quidem
554 3572 686 3651 Capitolii
720 3573 858 3634 meminit
889 3575 993 3636 titulus
1023 3573 1173 3636 Hadriano
1208 3582 1268 3634 ter-

190 3791 222 3858 87)
241 3791 396 3858 Marquardt.
416 3791 513 3842 enchir.
531 3791 564 3843 lll
585 3793 675 3861 137sq.

191 3873 293 3938 ³⁸lllig.
329 3875 370 3936 d'l,
392 3874 433 3938 22,
464 3873 530 3939 §2z
557 3875 653 3927 Servos
684 3892 781 3944 qnoque
810 3878 879 3943 licet,
902 3879 927 3928 in
958 3879 1095 3944 collegium
1125 3876 1268 3928 tenuiorum

125 3952 239 4018 recipere
258 3953 403 4007 volentibus
427 3955 584 4020 dominibus3
604 3955 636 4008 cf.
654 3959 768 4010 Momms.
788 3961 818 4010 do
837 3960 928 4024 colleg.
947 3969 973 4010 et
991 3960 1046 4012 sod.
1065 3978 1088 4028 p.
1109 3959 1165 4010 toa.

192 4034 222 4094 ⁸⁹)
242 4035 304 4087 Mus.
323 4035 401 4088 Rben.
421 4034 484 4088 n.'s.
505 4039 559 4090 vol.
577 4037 686 4091 xxl’lll
704 4057 727 4106 p.
747 4041 804 4090 541.

190 4117 221 4176 ⁹⁰)
239 4117 342 4212 Jordan.
364 4127 464 4186 topogr.
488 4119 558 4172 Rom.
578 4119 621 4170 12
641 4137 663 4189 p.
683 4121 731 4183 373
757 4121 840 4174 Orelli
858 4123 1000 4192 syll.'insr.
1021 4122 1039 4173 ll
1058 4141 1082 4190 p.
1102 4123 1161 4174 507.

191 4198 224 4262 ⁹¹)
243 4199 302 4251 Lrv,
322 4199 332 4250 l
351 4201 383 4251 33
401 4201 476 4254 xxti
495 4203 542 4267 383
562 4203 658 4272 Dionys
677 4202 772 4268 11144;
792 4203 843 4254 Cic.
864 4205 894 4256 do
912 4221 940 4256 ro
959 4205 1027 4272 publ.
1046 4205 1066 4257 ll
1087 4205 1181 4271 18‚33.

191 4281 222 4344 θ’)
242 4281 307 4332 Plin.
326 4282 348 4332 ln.
368 4299 391 4332 n.
410 4281 441 4334 ΙΙΙ
459 4284 484 4348 9,
498 4285 538 4336 56.

192 4363 224 4430 ⁰³)
244 4361 274 4414 ci.
295 4363 339 4415 lib.
359 4364 407 4414 ool.
426 4381 449 4430 p.
468 4365 532 4432 2343
552 4367 652 4436 Zumpt.
670 4367 687 4418 l.
708 4385 729 4418 c.
747 4384 771 4436 p.
790 4367 848 4420 395.
868 4369 926 4420 400.
