3086 5110
596 355 794 416 ,9-

122 553 204 596 mam
228 532 507 614 repraesentaretl),
531 535 641 594 lactum
664 530 798 592 videmus
820 538 853 591 ut
875 529 917 590 rei
941 528 1152 592 ecclesiasticae
1175 529 1267 609 scrip-

123 642 209 694 tores
232 634 340 694 iterum
363 632 531 710 iterumque
547 629 722 710 Capitolium
746 637 1012 690 commemorantes
1036 627 1185 707 religionis
1208 629 1269 689 llo-

121 733 278 794 Romanae
321 749 468 793 summam
513 729 751 808 intelligerent⁸).
817 729 927 801 Quodsi
965 728 1096 808 luppiter
1139 729 1269 806 optimus

123 829 273 890 maximus
296 829 476 907 gubernator
498 829 540 890 rei
563 827 695 908 publicae
712 827 859 888 Romanae
882 834 911 888 et
933 827 1024 886 totius
1047 827 1195 904 religionis
1217 844 1269 905 pa-

121 935 234 988 tronus
267 935 354 1007 atque
386 927 526 987 defensor
556 927 716 1005 potabatur
747 945 806 986 non
841 933 885 986 est
919 944 970 986 cur
998 925 1155 996 miremur,
1189 924 1269 1004 quod

125 1025 313 1086 Christianos
337 1033 370 1086 nt
393 1025 434 1085 illi
459 1024 657 1084 sacrificarent
680 1043 845 1102 novamque
868 1023 954 1084 fidem
979 1024 1155 1100 denegarent
1170 1023 1200 1082 in
1216 1023 1270 1083 Ca-

123 1124 231 1185 tolium
255 1124 358 1186 abduci
382 1124 485 1184 solitos
508 1141 571 1182 esse
599 1122 731 1201 legimus.
774 1121 886 1194 Quibus
915 1123 994 1183 enim
1023 1123 1052 1182 in
1080 1121 1195 1200 oppidis
1218 1109 1287 1180 Ca?

124 1223 262 1302 pitolium
281 1232 359 1284 esset
379 1231 412 1282 ut
435 1221 590 1282 Christiani
612 1222 643 1281 in
660 1221 729 1280 illud
754 1223 899 1300 templum
923 1221 1085 1298 denegandi
1107 1215 1272 1280 causa'du-

125 1330 266 1383 serentur
288 1321 331 1381 rei
355 1329 460 1380 natura
483 1319 657 1398 postulabat.
703 1319 796 1391 Quam
822 1319 859 1379 ob
883 1337 945 1378 rem
970 1327 1002 1378 ut
1024 1319 1060 1379 iis
1076 1317 1273 1378 assentiamur

125 1420 177 1500 qui
207 1439 238 1480 ea
270 1438 343 1498 qnae
374 1419 411 1478 de
434 1417 666 1478 Christianorum
696 1417 922 1478 deductionibus
952 1415 983 1477 in
1013 1415 1186 1494 Capitolium
1211 1425 1272 1474 tra·

126 1519 244 1578 duntur
277 1517 381 1577 licticia
416 1517 541 1578 habeant
574 1535 589 1576 a
623 1515 709 1576 nobis
744 1517 904 1594 impetrare
933 1533 993 1574 non
1021 1531 1190 1594 possumus.
1240 1513 1272 1573 ln

127 1615 227 1676 Africa
251 1616 329 1676 enim
356 1615 404 1694 qui
428 1615 485 1674 lide
509 1615 673 1676 Christiana
697 1615 873 1675 defecissent
896 1632 911 1673 a
935 1613 1106 1674 Novatianis
1130 1620 1158 1673 et
1174 1613 1273 1672 llona-
1317 1603 1318 1607 ’

124 1714 206 1775 tistis
230 1714 411 1792 Capitolinos
429 1722 553 1774 uocatos
578 1731 642 1774 esse
666 1713 807 1774 Pacianus
836 1732 881 1791 ep.
905 1712 923 1771 2
952 1731 1008 1772 nos
1031 1712 1142 1772 edocet.
1189 1709 1274 1789 Epis-

127 1830 270 1891 coporum
296 1811 453 1890 Hispaniae
493 1811 648 1872 concilium
673 1829 751 1871 anno
775 1830 802 1889 p.
827 1810 894 1870 Chr.
919 1809 979 1870 305
1012 1809 1118 1870 llliberi
1141 1808 1272 1869 habitum

128 1911 231 1972 sanxit
250 1929 286 1970 nc
320 1913 382 1989 quia
406 1909 585 1972 Christianus
611 1909 649 1970 od
681 1910 791 1970 idolum
814 1908 946 1986 Cepn'tolh'
976 1927 1062 1970 cosso
1093 1907 1277 1988 sacrificandi

130 2009 263 2071 ascendat
290 2017 316 2067 ct
336 2008 443 2081 videet·
472 2008 594 2088 quodsi
612 2009 713 2086 fecerit
732 2010 801 2085 pori
822 2011 937 2067 crimine
959 2017 1107 2078 ternarum
1141 2008 1275 2086 sisteret

129 2107 222 2186 fidelis
240 2117 304 2186 post
326 2106 418 2168 decem
441 2123 532 2167 uncos
553 2117 617 2167 cctc
636 2109 810 2185 poenitentia
830 2103 1030 2184 rccipiotcrb.

202 2351 221 2413 l)
241 2351 301 2401 Cum
321 2351 384 2400 enim
402 2349 495 2400 Romae
514 2351 540 2399 in
559 2366 619 2400 area
638 2347 760 2415 Capitolii
779 2351 882 2400 deorum
907 2350 1014 2400 maxima
1041 2365 1100 2415 pers
1123 2349 1275 2414 deincepsa

132 2431 194 2483 love
214 2431 358 2498 Capitolino
383 2431 494 2497 hospitio
516 2440 617 2497 recepta
635 2438 711 2496 atque
731 2431 902 2481 aedicularum
926 2431 995 2480 circa
1018 2432 1138 2496 templum
1158 2445 1276 2480 numerus

132 2520 223 2564 auctus
243 2522 312 2564 esset
331 2515 374 2576 ita,
393 2521 422 2562 ut
440 2514 486 2562 ille
504 2515 585 2562 totius
604 2515 690 2576 gregis
710 2515 813 2564 deorum
833 2511 952 2563 defensor
974 2520 1100 2578 tamquam
1124 2519 1198 2577 atque
1219 2527 1286 2577 pro-v

131 2603 259 2660 pugnator
277 2595 412 2657 existerat,
431 2611 478 2643 non
499 2594 590 2644 mirum
609 2595 712 2644 videtur
730 2596 794 2660 quod
813 2595 867 2660 ipsc
886 2601 964 2644 totam
978 2595 1130 2658 religionem
1144 2601 1276 2658 praestaro

131 2677 273 2726 dicebatur.
309 2677 426 2727 Ceterum
446 2677 522 2726 etiam
540 2676 566 2726 in
586 2676 696 2726 coloniis
720 2684 746 2726 et
768 2676 913 2741 municipiis
936 2675 996 2726 aliis
1021 2676 1072 2725 diis
1098 2674 1276 2742 propeCapi·

131 2757 197 2806 tolia
216 2756 343 2804 aediculas
363 2754 444 2806 lactas
464 2771 519 2805 esse
538 2755 605 2806 inira
626 2758 690 2814 satis
709 2758 812 2808 docebo.

200 2837 219 2900 8)
240 2837 305 2887 Ecce
315 2837 473 2888 testimonio:
484 2838 602 2903 Cyprias.
615 2839 689 2903 epist.
700 2837 976 2904 LVlllI(ed.llartcl.p.
987 2839 1045 2901 688,
1053 2840 1076 2901 1)
1090 2839 1148 2904 quid
1161 2844 1278 2903 superest

131 2935 204 2986 quam
218 2926 246 2968 ut
266 2919 374 2970 ecclesia
390 2919 516 2983 Capitolio
534 2921 607 2968 cedat
623 2927 648 2969 et
662 2921 838 2970 recedentibus
853 2919 1027 2970 sacerdotibus
1042 2935 1071 2969 ae
1085 2920 1178 2969 domini
1193 2919 1276 2968 altare

133 3001 331 3051 removentibus.
347 3029 379 3037 -
398 2999 514 3050 Lactant.
533 3001 616 3050 instit.
631 3001 682 3050 div.
696 3001 740 3050 lib.
764 3000 773 3050 l
800 3001 883 3066 list:
904 3001 987 3051 sciant
1004 3016 1065 3064 ergo
1083 3000 1188 3050 Romani
1202 2998 1277 3065 Capi-

132 3081 223 3132 tolium
243 3099 322 3146 suum,
342 3082 366 3131 id
388 3089 427 3132 est
445 3097 565 3130 summum
585 3089 661 3146 caput
680 3082 829 3144 religionum
848 3081 1019 3148 publicarum,
1042 3081 1105 3130 nihil
1124 3097 1180 3131 esse
1205 3079 1275 3130 aliud

132 3179 204 3229 quam
222 3164 297 3214 inane
316 3163 495 3214 monimentum
514 3161 544 3212 cf.
564 3163 626 3212 ibid.
646 3163 664 3211 l.
683 3159 715 3212 lll
737 3163 823 3224 itit:
843 3163 995 3228 Capitolium
1015 3163 1079 3228 quod
1099 3169 1138 3212 cst
1150 3161 1276 3212 llomanae

132 3244 204 3293 urbis
224 3250 250 3292 et
269 3243 404 3303 religionis
423 3250 499 3308 caput
518 3259 646 3293 summum.
666 3271 699 3280 -
726 3245 843 3294 l'rudent.
866 3245 913 3306 (ed.
935 3243 1057 3309 Dressel.)
1080 3243 1162 3309 apoth.
1183 3261 1207 3294 v.
1226 3245 1277 3294 444

133 3327 188 3390 ipsa
208 3324 263 3372 suis
282 3323 406 3372 Christum
427 3323 551 3388 Capitolia
571 3324 676 3374 Romulo
689 3332 811 3388 moerent,
830 3325 986 3391 principibus
1006 3327 1091 3375 lucere
1104 3325 1189 3388 deum3
1209 3323 1240 3375 cf.
1254 3341 1275 3374 c.

135 3405 309 3472 Symmachum
323 3401 331 3453 l
346 3404 394 3452 625
409 3411 434 3453 et
447 3421 607 3471 quascunque
617 3407 702 3457 solent
715 3406 839 3472 Capitolia
854 3408 974 3457 claudere
987 3407 1082 3456 larvas.
1096 3434 1128 3442 —
1141 3406 1275 3470 Angustia.

137 3489 167 3537 de
186 3485 298 3543 civ.,dei
316 3485 334 3533 l.
354 3483 374 3535 ll
395 3483 425 3536 12
443 3485 512 3536 itane
532 3487 613 3552 pluris
631 3488 680 3538 tibi
698 3489 811 3538 habenda
831 3495 870 3537 est
890 3487 1048 3538 existimatio
1068 3489 1155 3538 curiae
1174 3495 1277 3539 vestrae

133 3585 204 3637 quam
224 3567 354 3632 Capitolii,
373 3567 446 3616 immo
467 3567 559 3618 Romae
578 3569 652 3619 unius
672 3585 744 3634 quam
764 3569 830 3620 caeli
848 3567 947 3619 totius?
966 3597 997 3606 -
1021 3568 1082 3618 Isid.
1103 3570 1172 3634 Hisp.
1192 3569 1276 3635 Etym.
1332 3598 1334 3602 ·

133 3653 177 3701 lib.
196 3649 246 3701 XV
265 3665 285 3698 c.
305 3649 320 3698 2
339 3649 493 3713 Capitolium
511 3649 648 3700 Romanum
667 3659 784 3701 vocatum
804 3665 832 3700 eo
852 3652 916 3716 quod
935 3650 1015 3700 fuerit
1027 3649 1153 3700 Romanae
1166 3651 1237 3700 urbis
1251 3658 1277 3700 et

133 3731 268 3794 religionis
288 3738 362 3796 caput
380 3746 508 3780 summum.
529 3759 561 3768 -
579 3731 658 3782 Zeno.
676 3739 751 3782 tract.
770 3731 831 3782 XlV
850 3733 881 3782 dc
899 3732 984 3796 spirit.
998 3731 1073 3783 aedil.
1088 3733 1152 3782 dom.
1166 3733 1208 3782 dei
1225 3735 1275 3798 (sp.

133 3813 255 3875 Migniuna
275 3812 366 3876 patrol.
385 3811 430 3861 lat.
451 3812 503 3863 vol.
522 3811 559 3861 Xl
577 3811 667 3878 5109)
689 3813 774 3862 ludaei
793 3811 903 3862 fortasse
927 3813 1021 3864 cultius
1046 3829 1189 3881 synagogas
1206 3817 1277 3865 aedi-

135 3894 220 3954 heaut,
238 3893 331 3943 cultius
350 3893 451 3954 erigant
469 3893 603 3958 Capitolia.
628 3919 660 3928 -
684 3893 770 3944 Simili
788 3896 861 3944 modo
885 3894 1040 3945 Tertullisn.
1063 3895 1085 3945 d.
1105 3904 1184 3962 spect.
1202 3914 1224 3946 c.
1247 3896 1277 3949 12

135 3973 285 4040 Capitolium
305 3976 413 4024 omnium
432 3975 577 4025 daemonum
596 3976 716 4041 templum
735 3974 767 4026 cf.
786 3977 844 4026 adv.
857 3984 908 4026 nat.
923 3976 964 4026 lib.
978 3975 1011 4027 lll
1024 3993 1045 4027 c.
1061 3978 1099 4028 te.
1137 3979 1277 4029 ducetiam

135 4055 242 4104 Servius
260 4064 358 4120 spectat
376 4057 401 4106 in
421 4063 560 4106 commento
579 4057 701 4106 Aeneidis
720 4057 765 4106 lib.
785 4056 804 4107 ll
823 4075 847 4108 v.
868 4058 930 4107 319:
950 4059 976 4107 in
995 4058 1119 4124 Capitolio
1140 4060 1206 4110 enim
1225 4075 1277 4110 om·

134 4137 203 4187 nium
223 4135 325 4186 deorum
343 4138 479 4186 simulacra
499 4137 657 4188 colebantur.
694 4137 742 4187 Pro
756 4139 839 4204 capite
851 4139 953 4189 verbnm
965 4125 1130 4205 usurpatore
1144 4139 1276 4192 Chslcidio

134 4219 160 4268 iu
179 4217 298 4268 translat.
317 4216 432 4268 Platonis
450 4219 547 4268 Timaei
571 4219 620 4284 (ap.
639 4219 760 4269 Mullsch.
780 4218 869 4284 lragm.
888 4220 980 4286 philos.
1000 4219 1044 4270 Cr.
1063 4223 1115 4272 vol.
1133 4221 1154 4272 ll
1172 4239 1195 4288 p.
1215 4222 1277 4286 231)

135 4315 156 4350 c.
175 4299 236 4350 221:
257 4301 325 4362 (pars
343 4299 449 4361 animae)
467 4306 592 4366 tamquam
611 4300 692 4350 totius
711 4301 826 4366 corporis
845 4301 1001 4367 capitolium.

202 4380 222 4443 ⁹)
241 4395 281 4445 ap.
300 4379 424 4429 Maesium
449 4381 508 4430 coll.
532 4381 623 4432 concil.
651 4381 726 4448 ampl.
744 4389 804 4432 tom.
823 4381 844 4432 ll
867 4399 890 4448 p.
912 4383 941 4432 15
961 4399 981 4433 c.
1001 4381 1068 4434 LlX.
1104 4384 1145 4434 Sic
1172 4383 1276 4435 concilii
