<?xml version="1.0" encoding="UTF-8"?>
<!DOCTYPE html PUBLIC "-//W3C//DTD XHTML 1.0 Transitional//EN"
    "http://www.w3.org/TR/xhtml1/DTD/xhtml1-transitional.dtd">
<html xmlns="http://www.w3.org/1999/xhtml" xml:lang="en" lang="en">
 <head>
  <title>
</title>
<meta http-equiv="Content-Type" content="text/html;charset=utf-8" />
  <meta name='ocr-system' content='tesseract 3.04.00' />
  <meta name='ocr-capabilities' content='ocr_page ocr_carea ocr_par ocr_line ocrx_word'/>
</head>
<body>
  <div class='ocr_page' id='page_1' title='image "./decapitoliisimp01kuhfgoog_0059.png"; bbox 0 0 3086 5110; ppageno 0'>
   <div class='ocr_carea' id='block_1_1' title="bbox 731 369 953 432">
    <p class='ocr_par' dir='ltr' id='par_1_1' title="bbox 731 369 953 432">
     <span class='ocr_line' id='line_1_1' title="bbox 731 369 953 432; baseline -0.009 -18"><span class='ocrx_word' id='word_1_1' title='bbox 731 369 953 432; x_wconf 64' lang='lat'>-50-</span> 
     </span>
    </p>
   </div>
   <div class='ocr_carea' id='block_1_2' title="bbox 212 542 1427 1800">
    <p class='ocr_par' dir='ltr' id='par_1_2' title="bbox 271 542 1427 1114">
     <span class='ocr_line' id='line_1_2' title="bbox 273 542 1427 624; baseline -0.003 -18"><span class='ocrx_word' id='word_1_2' title='bbox 273 546 382 606; x_wconf 73' lang='lat' dir='ltr'><strong>mitres</strong></span> <span class='ocrx_word' id='word_1_3' title='bbox 405 551 504 606; x_wconf 87' lang='lat' dir='ltr'><strong>trente</strong></span> <span class='ocrx_word' id='word_1_4' title='bbox 525 543 645 606; x_wconf 92' lang='lat' dir='ltr'><strong>oentim.</strong></span> <span class='ocrx_word' id='word_1_5' title='bbox 670 544 706 604; x_wconf 87' lang='lat' dir='ltr'><strong>de</strong></span> <span class='ocrx_word' id='word_1_6' title='bbox 720 543 791 624; x_wconf 86' lang='lat' dir='ltr'><strong>long</strong></span> <span class='ocrx_word' id='word_1_7' title='bbox 806 562 857 604; x_wconf 84' lang='lat' dir='ltr'><strong>eur</strong></span> <span class='ocrx_word' id='word_1_8' title='bbox 872 542 920 604; x_wconf 91' lang='lat' dir='ltr'><strong>dix</strong></span> <span class='ocrx_word' id='word_1_9' title='bbox 937 561 975 604; x_wconf 92' lang='lat' dir='ltr'><strong>m.</strong></span> <span class='ocrx_word' id='word_1_10' title='bbox 994 542 1127 604; x_wconf 76' lang='lat' dir='ltr'><strong>soixante</strong></span> <span class='ocrx_word' id='word_1_11' title='bbox 1142 543 1262 604; x_wconf 76' lang='lat' dir='ltr'><strong>mutim.</strong></span> <span class='ocrx_word' id='word_1_12' title='bbox 1276 542 1315 603; x_wconf 92' lang='lat' dir='ltr'><strong>de</strong></span> <span class='ocrx_word' id='word_1_13' title='bbox 1329 543 1427 622; x_wconf 87' lang='lat' dir='ltr'><strong>large.</strong></span> 
     </span>
     <span class='ocr_line' id='line_1_3' title="bbox 271 639 1427 722; baseline -0.003 -19"><span class='ocrx_word' id='word_1_14' title='bbox 271 641 312 703; x_wconf 90' lang='lat' dir='ltr'><strong>La</strong></span> <span class='ocrx_word' id='word_1_15' title='bbox 334 651 419 722; x_wconf 87' lang='lat' dir='ltr'><strong>porte</strong></span> <span class='ocrx_word' id='word_1_16' title='bbox 442 641 492 721; x_wconf 89' lang='lat' dir='ltr'><strong>qui</strong></span> <span class='ocrx_word' id='word_1_17' title='bbox 515 662 533 721; x_wconf 84' lang='lat' dir='ltr'>y</span> <span class='ocrx_word' id='word_1_18' title='bbox 555 641 679 702; x_wconf 91' lang='lat' dir='ltr'><strong>donnait</strong></span> <span class='ocrx_word' id='word_1_19' title='bbox 701 643 805 702; x_wconf 77' lang='lat' dir='ltr'><strong>eutrde</strong></span> <span class='ocrx_word' id='word_1_20' title='bbox 828 649 872 702; x_wconf 87' lang='lat' dir='ltr'><strong>est</strong></span> <span class='ocrx_word' id='word_1_21' title='bbox 893 659 1003 702; x_wconf 89' lang='lat' dir='ltr'><strong>enoore</strong></span> <span class='ocrx_word' id='word_1_22' title='bbox 1027 639 1146 702; x_wconf 86' lang='lat' dir='ltr'><strong>debout.</strong></span> <span class='ocrx_word' id='word_1_23' title='bbox 1193 641 1246 701; x_wconf 86' lang='lat' dir='ltr'><strong>Les</strong></span> <span class='ocrx_word' id='word_1_24' title='bbox 1261 649 1427 701; x_wconf 73' lang='lat' dir='ltr'><strong>montanis</strong></span> 
     </span>
     <span class='ocr_line' id='line_1_4' title="bbox 272 739 1426 820; baseline -0.003 -19"><span class='ocrx_word' id='word_1_25' title='bbox 272 741 324 820; x_wconf 90' lang='lat' dir='ltr'><strong>qui</strong></span> <span class='ocrx_word' id='word_1_26' title='bbox 347 741 371 800; x_wconf 88' lang='lat' dir='ltr'><strong>la</strong></span> <span class='ocrx_word' id='word_1_27' title='bbox 394 740 525 802; x_wconf 83' lang='lat' dir='ltr'><strong>forment</strong></span> <span class='ocrx_word' id='word_1_28' title='bbox 546 749 615 802; x_wconf 88' lang='lat' dir='ltr'><strong>sont</strong></span> <span class='ocrx_word' id='word_1_29' title='bbox 638 741 726 802; x_wconf 85' lang='lat' dir='ltr'><strong>d’uue</strong></span> <span class='ocrx_word' id='word_1_30' title='bbox 749 741 829 801; x_wconf 89' lang='lat' dir='ltr'><strong>seule</strong></span> <span class='ocrx_word' id='word_1_31' title='bbox 844 740 925 820; x_wconf 78' lang='lat' dir='ltr'><strong>piene</strong></span> <span class='ocrx_word' id='word_1_32' title='bbox 941 739 1010 800; x_wconf 86' lang='lat' dir='ltr'>bien</span> <span class='ocrx_word' id='word_1_33' title='bbox 1026 739 1113 818; x_wconf 87' lang='lat' dir='ltr'><strong>qu&#39;ils</strong></span> <span class='ocrx_word' id='word_1_34' title='bbox 1128 739 1209 800; x_wconf 86' lang='lat' dir='ltr'><strong>aient</strong></span> <span class='ocrx_word' id='word_1_35' title='bbox 1224 748 1291 818; x_wconf 90' lang='lat' dir='ltr'><strong>sept</strong></span> <span class='ocrx_word' id='word_1_36' title='bbox 1306 741 1426 799; x_wconf 79' lang='lat' dir='ltr'><strong>metros</strong></span> 
     </span>
     <span class='ocr_line' id='line_1_5' title="bbox 272 837 1425 917; baseline -0.002 -19"><span class='ocrx_word' id='word_1_37' title='bbox 272 839 308 899; x_wconf 89' lang='lat' dir='ltr'><strong>de</strong></span> <span class='ocrx_word' id='word_1_38' title='bbox 331 839 418 912; x_wconf 81' lang='lat' dir='ltr'><strong>haut3</strong></span> <span class='ocrx_word' id='word_1_39' title='bbox 439 837 467 898; x_wconf 83' lang='lat' dir='ltr'><strong>it</strong></span> <span class='ocrx_word' id='word_1_40' title='bbox 482 856 518 898; x_wconf 91' lang='lat' dir='ltr'><strong>en</strong></span> <span class='ocrx_word' id='word_1_41' title='bbox 541 847 586 899; x_wconf 92' lang='lat' dir='ltr'><strong>est</strong></span> <span class='ocrx_word' id='word_1_42' title='bbox 608 839 644 899; x_wconf 92' lang='lat' dir='ltr'><strong>de</strong></span> <span class='ocrx_word' id='word_1_43' title='bbox 668 842 767 900; x_wconf 79' lang='lat' dir='ltr'><strong>meme</strong></span> <span class='ocrx_word' id='word_1_44' title='bbox 790 839 826 899; x_wconf 90' lang='lat' dir='ltr'><strong>de</strong></span> <span class='ocrx_word' id='word_1_45' title='bbox 849 837 1031 899; x_wconf 85' lang='lat' dir='ltr'><strong>l’arobitrave</strong></span> <span class='ocrx_word' id='word_1_46' title='bbox 1054 856 1093 898; x_wconf 95' lang='lat' dir='ltr'><strong>ou</strong></span> <span class='ocrx_word' id='word_1_47' title='bbox 1115 838 1226 899; x_wconf 89' lang='lat' dir='ltr'><strong>linteau</strong></span> <span class='ocrx_word' id='word_1_48' title='bbox 1240 838 1292 917; x_wconf 92' lang='lat' dir='ltr'><strong>qui</strong></span> <span class='ocrx_word' id='word_1_49' title='bbox 1309 855 1425 916; x_wconf 90' lang='lat' dir='ltr'><strong>repose</strong></span> 
     </span>
     <span class='ocr_line' id='line_1_6' title="bbox 271 936 1424 1016; baseline -0.001 -18"><span class='ocrx_word' id='word_1_50' title='bbox 271 953 393 999; x_wconf 79' lang='grc'>1111111</span> <span class='ocrx_word' id='word_1_51' title='bbox 416 937 490 998; x_wconf 86' lang='lat' dir='ltr'><strong>deur</strong></span> <span class='ocrx_word' id='word_1_52' title='bbox 514 937 705 1016; x_wconf 82' lang='lat' dir='ltr'><strong>piade-droits</strong></span> <span class='ocrx_word' id='word_1_53' title='bbox 728 946 758 998; x_wconf 86' lang='lat' dir='ltr'><strong>et</strong></span> <span class='ocrx_word' id='word_1_54' title='bbox 780 937 853 998; x_wconf 89' lang='lat' dir='ltr'><strong>dont</strong></span> <span class='ocrx_word' id='word_1_55' title='bbox 880 939 907 998; x_wconf 81' lang='lat' dir='ltr'><strong>la</strong></span> <span class='ocrx_word' id='word_1_56' title='bbox 927 937 1074 1016; x_wconf 89' lang='lat' dir='ltr'><strong>longueur</strong></span> <span class='ocrx_word' id='word_1_57' title='bbox 1097 946 1143 998; x_wconf 86' lang='lat' dir='ltr'><strong>est</strong></span> <span class='ocrx_word' id='word_1_58' title='bbox 1168 937 1205 997; x_wconf 90' lang='lat' dir='ltr'><strong>de</strong></span> <span class='ocrx_word' id='word_1_59' title='bbox 1231 936 1278 996; x_wconf 86' lang='lat' dir='ltr'><strong>six</strong></span> <span class='ocrx_word' id='word_1_60' title='bbox 1304 939 1424 997; x_wconf 74' lang='lat' dir='ltr'><strong>mitres</strong></span> 
     </span>
     <span class='ocr_line' id='line_1_7' title="bbox 272 1035 597 1114; baseline -0.006 -16"><span class='ocrx_word' id='word_1_61' title='bbox 272 1035 435 1114; x_wconf 84' lang='lat' dir='ltr'><strong>oinquante</strong></span> <span class='ocrx_word' id='word_1_62' title='bbox 458 1035 597 1096; x_wconf 86' lang='lat' dir='ltr'><strong>oeutim“.</strong></span> 
     </span>
    </p>

    <p class='ocr_par' dir='ltr' id='par_1_3' title="bbox 212 1133 1513 1822">
     <span class='ocr_line' id='line_1_8' title="bbox 356 1133 1425 1214; baseline -0.002 -20"><span class='ocrx_word' id='word_1_63' title='bbox 356 1133 416 1194; x_wconf 84' lang='lat' dir='ltr'><strong>Hac</strong></span> <span class='ocrx_word' id='word_1_64' title='bbox 438 1153 473 1194; x_wconf 89' lang='lat' dir='ltr'><strong>ex</strong></span> <span class='ocrx_word' id='word_1_65' title='bbox 496 1143 557 1194; x_wconf 88' lang='lat' dir='ltr'><strong>tota</strong></span> <span class='ocrx_word' id='word_1_66' title='bbox 579 1133 779 1214; x_wconf 78' lang='lat' dir='ltr'><strong>descriptione</strong></span> <span class='ocrx_word' id='word_1_67' title='bbox 802 1133 859 1194; x_wconf 89' lang='lat' dir='ltr'><strong>hoo</strong></span> <span class='ocrx_word' id='word_1_68' title='bbox 882 1133 992 1204; x_wconf 78' lang='lat' dir='ltr'><strong>elucet,</strong></span> <span class='ocrx_word' id='word_1_69' title='bbox 1023 1133 1176 1194; x_wconf 84' lang='lat' dir='ltr'><strong>ecelesiam</strong></span> <span class='ocrx_word' id='word_1_70' title='bbox 1199 1133 1326 1212; x_wconf 85' lang='lat' dir='ltr'>primam</span> <span class='ocrx_word' id='word_1_71' title='bbox 1351 1133 1425 1192; x_wconf 85' lang='lat' dir='ltr'><strong>ior-</strong></span> 
     </span>
     <span class='ocr_line' id='line_1_9' title="bbox 272 1231 1424 1293; baseline 0 -1"><span class='ocrx_word' id='word_1_72' title='bbox 272 1249 349 1292; x_wconf 86' lang='lat' dir='ltr'><strong>mam</strong></span> <span class='ocrx_word' id='word_1_73' title='bbox 373 1232 445 1293; x_wconf 90' lang='lat' dir='ltr'><strong>satis</strong></span> <span class='ocrx_word' id='word_1_74' title='bbox 467 1251 608 1293; x_wconf 81' lang='lat' dir='ltr'><strong>seruasse.</strong></span> <span class='ocrx_word' id='word_1_75' title='bbox 654 1232 717 1292; x_wconf 85' lang='lat' dir='ltr'><strong>lloo</strong></span> <span class='ocrx_word' id='word_1_76' title='bbox 746 1231 877 1292; x_wconf 81' lang='lat' dir='ltr'><strong>indicant</strong></span> <span class='ocrx_word' id='word_1_77' title='bbox 905 1239 966 1292; x_wconf 83' lang='lat' dir='ltr'><strong>tres</strong></span> <span class='ocrx_word' id='word_1_78' title='bbox 996 1233 1105 1292; x_wconf 79' lang='lat' dir='ltr'>classes</span> <span class='ocrx_word' id='word_1_79' title='bbox 1136 1249 1193 1292; x_wconf 90' lang='lat' dir='ltr'><strong>uua</strong></span> <span class='ocrx_word' id='word_1_80' title='bbox 1220 1251 1288 1292; x_wconf 87' lang='lat' dir='ltr'><strong>oum</strong></span> <span class='ocrx_word' id='word_1_81' title='bbox 1317 1231 1424 1292; x_wconf 91' lang='lat' dir='ltr'><strong>tribus</strong></span> 
     </span>
     <span class='ocr_line' id='line_1_10' title="bbox 271 1327 1424 1408; baseline 0 -18"><span class='ocrx_word' id='word_1_82' title='bbox 271 1329 340 1402; x_wconf 85' lang='lat' dir='ltr'><strong>aris,</strong></span> <span class='ocrx_word' id='word_1_83' title='bbox 363 1348 437 1408; x_wconf 87' lang='lat' dir='ltr'><strong>quae</strong></span> <span class='ocrx_word' id='word_1_84' title='bbox 460 1331 532 1408; x_wconf 91' lang='lat' dir='ltr'><strong>quin</strong></span> <span class='ocrx_word' id='word_1_85' title='bbox 555 1331 619 1390; x_wconf 87' lang='lat' dir='ltr'><strong>loeo</strong></span> <span class='ocrx_word' id='word_1_86' title='bbox 642 1330 718 1389; x_wconf 88' lang='lat' dir='ltr'><strong>lovis</strong></span> <span class='ocrx_word' id='word_1_87' title='bbox 741 1327 862 1389; x_wconf 92' lang='lat' dir='ltr'><strong>lunonis</strong></span> <span class='ocrx_word' id='word_1_88' title='bbox 879 1327 1025 1390; x_wconf 89' lang='lat' dir='ltr'><strong>llliuervae</strong></span> <span class='ocrx_word' id='word_1_89' title='bbox 1047 1329 1115 1400; x_wconf 85' lang='lat' dir='ltr'><strong>siut,</strong></span> <span class='ocrx_word' id='word_1_90' title='bbox 1138 1329 1280 1392; x_wconf 80' lang='lat' dir='ltr'><strong>dubitatio</strong></span> <span class='ocrx_word' id='word_1_91' title='bbox 1297 1329 1346 1389; x_wconf 85' lang='lat' dir='ltr'><strong>vir</strong></span> <span class='ocrx_word' id='word_1_92' title='bbox 1369 1349 1424 1390; x_wconf 87' lang='lat' dir='ltr'><strong>re-</strong></span> 
     </span>
     <span class='ocr_line' id='line_1_11' title="bbox 270 1425 1422 1506; baseline 0.001 -19"><span class='ocrx_word' id='word_1_93' title='bbox 270 1427 428 1506; x_wconf 83' lang='lat' dir='ltr'><strong>linquatur.</strong></span> <span class='ocrx_word' id='word_1_94' title='bbox 475 1427 589 1506; x_wconf 85' lang='lat' dir='ltr'><strong>Templi</strong></span> <span class='ocrx_word' id='word_1_95' title='bbox 612 1435 709 1487; x_wconf 90' lang='lat' dir='ltr'><strong>autem</strong></span> <span class='ocrx_word' id='word_1_96' title='bbox 734 1427 890 1487; x_wconf 90' lang='lat' dir='ltr'><strong>introitum</strong></span> <span class='ocrx_word' id='word_1_97' title='bbox 921 1426 997 1486; x_wconf 89' lang='lat' dir='ltr'><strong>siout</strong></span> <span class='ocrx_word' id='word_1_98' title='bbox 1023 1427 1053 1487; x_wconf 92' lang='lat' dir='ltr'><strong>iu</strong></span> <span class='ocrx_word' id='word_1_99' title='bbox 1083 1428 1195 1506; x_wconf 91' lang='lat' dir='ltr'><strong>templo</strong></span> <span class='ocrx_word' id='word_1_100' title='bbox 1224 1427 1299 1486; x_wconf 86' lang='lat' dir='ltr'><strong>lovis</strong></span> <span class='ocrx_word' id='word_1_101' title='bbox 1322 1425 1422 1488; x_wconf 89' lang='lat' dir='ltr'><strong>Pom-</strong></span> 
     </span>
     <span class='ocr_line' id='line_1_12' title="bbox 212 1523 1421 1604; baseline 0.001 -20"><span class='ocrx_word' id='word_1_102' title='bbox 212 1560 214 1564; x_wconf 80' lang='lat'><strong>.</strong></span> <span class='ocrx_word' id='word_1_103' title='bbox 271 1524 368 1604; x_wconf 89' lang='lat' dir='ltr'><strong>peiani</strong></span> <span class='ocrx_word' id='word_1_104' title='bbox 390 1542 448 1584; x_wconf 93' lang='lat' dir='ltr'><strong>una</strong></span> <span class='ocrx_word' id='word_1_105' title='bbox 472 1536 555 1602; x_wconf 91' lang='lat' dir='ltr'><strong>porta</strong></span> <span class='ocrx_word' id='word_1_106' title='bbox 580 1525 696 1585; x_wconf 78' lang='lat' dir='ltr'><strong>dedisse</strong></span> <span class='ocrx_word' id='word_1_107' title='bbox 719 1525 844 1584; x_wconf 91' lang='lat' dir='ltr'><strong>videtur.</strong></span> <span class='ocrx_word' id='word_1_108' title='bbox 889 1523 978 1585; x_wconf 86' lang='lat' dir='ltr'><strong>Cuius</strong></span> <span class='ocrx_word' id='word_1_109' title='bbox 1001 1525 1104 1603; x_wconf 89' lang='lat' dir='ltr'><strong>pronai</strong></span> <span class='ocrx_word' id='word_1_110' title='bbox 1134 1525 1165 1584; x_wconf 92' lang='lat' dir='ltr'><strong>in</strong></span> <span class='ocrx_word' id='word_1_111' title='bbox 1188 1524 1299 1603; x_wconf 88' lang='lat' dir='ltr'><strong>pariete</strong></span> <span class='ocrx_word' id='word_1_112' title='bbox 1324 1544 1421 1604; x_wconf 89' lang='lat' dir='ltr'><strong>supra</strong></span> 
     </span>
     <span class='ocr_line' id='line_1_13' title="bbox 271 1621 1419 1702; baseline -0.003 -17"><span class='ocrx_word' id='word_1_113' title='bbox 271 1622 415 1700; x_wconf 86' lang='lat' dir='ltr'><strong>scriptum</strong></span> <span class='ocrx_word' id='word_1_114' title='bbox 438 1630 499 1683; x_wconf 87' lang='lat' dir='ltr'><strong>est:</strong></span> <span class='ocrx_word' id='word_1_115' title='bbox 522 1623 583 1682; x_wconf 90' lang='lat' dir='ltr'><strong>luri</strong></span> <span class='ocrx_word' id='word_1_116' title='bbox 606 1624 718 1702; x_wconf 92' lang='lat' dir='ltr'><strong>optimo</strong></span> <span class='ocrx_word' id='word_1_117' title='bbox 743 1622 880 1698; x_wconf 89' lang='lat' dir='ltr'><strong>[maximo</strong></span> <span class='ocrx_word' id='word_1_118' title='bbox 897 1622 1001 1682; x_wconf 91' lang='lat' dir='ltr'><strong>iunoni</strong></span> <span class='ocrx_word' id='word_1_119' title='bbox 1018 1622 1176 1698; x_wconf 81' lang='lat' dir='ltr'><strong>mliuerrae</strong></span> <span class='ocrx_word' id='word_1_120' title='bbox 1191 1639 1256 1699; x_wconf 89' lang='lat' dir='ltr'><strong>aug.</strong></span> <span class='ocrx_word' id='word_1_121' title='bbox 1271 1639 1393 1682; x_wconf 82' lang='lat' dir='ltr'><strong>sacrum</strong></span> <span class='ocrx_word' id='word_1_122' title='bbox 1414 1621 1419 1700; x_wconf 90' lang='grc' dir='ltr'>Ι</span> 
     </span>
     <span class='ocr_line' id='line_1_14' title="bbox 270 1719 1421 1800; baseline 0.001 -20"><span class='ocrx_word' id='word_1_123' title='bbox 270 1738 324 1800; x_wconf 90' lang='lat' dir='ltr'><strong>pro</strong></span> <span class='ocrx_word' id='word_1_124' title='bbox 351 1719 446 1780; x_wconf 86' lang='lat' dir='ltr'><strong>salute</strong></span> <span class='ocrx_word' id='word_1_125' title='bbox 473 1719 543 1798; x_wconf 90' lang='lat' dir='ltr'><strong>imp.</strong></span> <span class='ocrx_word' id='word_1_126' title='bbox 568 1720 651 1798; x_wconf 85' lang='lat' dir='ltr'><strong>[caes.</strong></span> <span class='ocrx_word' id='word_1_127' title='bbox 676 1739 715 1780; x_wconf 91' lang='lat' dir='ltr'><strong>m.</strong></span> <span class='ocrx_word' id='word_1_128' title='bbox 739 1719 874 1780; x_wconf 89' lang='lat' dir='ltr'><strong>antonini</strong></span> <span class='ocrx_word' id='word_1_129' title='bbox 901 1720 976 1796; x_wconf 80' lang='lat' dir='ltr'><strong>alug.</strong></span> <span class='ocrx_word' id='word_1_130' title='bbox 1007 1729 1037 1780; x_wconf 93' lang='lat' dir='ltr'><strong>et</strong></span> <span class='ocrx_word' id='word_1_131' title='bbox 1059 1719 1091 1780; x_wconf 88' lang='lat' dir='ltr'><strong>L.</strong></span> <span class='ocrx_word' id='word_1_132' title='bbox 1115 1719 1182 1782; x_wconf 82' lang='lat' dir='ltr'><strong>Veri</strong></span> <span class='ocrx_word' id='word_1_133' title='bbox 1210 1739 1275 1800; x_wconf 91' lang='lat' dir='ltr'><strong>aug.</strong></span> <span class='ocrx_word' id='word_1_134' title='bbox 1305 1720 1421 1782; x_wconf 83' lang='lat' dir='ltr'><strong>Arme·</strong></span> 
     </span>
    </p>
   </div>
   <div class='ocr_carea' id='block_1_3' title="bbox 269 1817 1513 2098">
    <p class='ocr_par' dir='ltr' id='par_1_4' title="bbox 269 1817 1513 2098">
     <span class='ocr_line' id='line_1_15' title="bbox 270 1817 1513 1898; baseline 0 -18"><span class='ocrx_word' id='word_1_135' title='bbox 270 1817 449 1896; x_wconf 75' lang='lat' dir='ltr'><strong>uiaoor(uml</strong></span> <span class='ocrx_word' id='word_1_136' title='bbox 471 1820 474 1874; x_wconf 91' lang='lat' dir='ltr'><strong>l</strong></span> <span class='ocrx_word' id='word_1_137' title='bbox 494 1819 570 1881; x_wconf 88' lang='lat' dir='ltr'><strong>bled.</strong></span> <span class='ocrx_word' id='word_1_138' title='bbox 597 1820 675 1882; x_wconf 92' lang='lat' dir='ltr'><strong>Part.</strong></span> <span class='ocrx_word' id='word_1_139' title='bbox 699 1821 773 1880; x_wconf 87' lang='lat' dir='ltr'><strong>Max.</strong></span> <span class='ocrx_word' id='word_1_140' title='bbox 799 1821 825 1896; x_wconf 90' lang='lat' dir='ltr'><strong>[l.</strong></span> <span class='ocrx_word' id='word_1_141' title='bbox 850 1821 986 1895; x_wconf 83' lang='lat' dir='ltr'><strong>marcius]</strong></span> <span class='ocrx_word' id='word_1_142' title='bbox 1013 1819 1153 1898; x_wconf 89' lang='lat' dir='ltr'><strong>Sim[plex</strong></span> <span class='ocrx_word' id='word_1_143' title='bbox 1181 1820 1251 1880; x_wconf 91' lang='lat' dir='ltr'><strong>etl.</strong></span> <span class='ocrx_word' id='word_1_144' title='bbox 1274 1819 1418 1896; x_wconf 85' lang='lat' dir='ltr'><strong>marcius]</strong></span> <span class='ocrx_word' id='word_1_145' title='bbox 1512 1825 1513 1838; x_wconf 54' lang='lat'>³</span> 
     </span>
     <span class='ocr_line' id='line_1_16' title="bbox 271 1916 1513 1998; baseline 0.001 -21"><span class='ocrx_word' id='word_1_146' title='bbox 271 1917 402 1995; x_wconf 80' lang='lat' dir='ltr'><strong>Simplex</strong></span> <span class='ocrx_word' id='word_1_147' title='bbox 416 1916 595 1996; x_wconf 86' lang='lat' dir='ltr'><strong>Regilliauus</strong></span> <span class='ocrx_word' id='word_1_148' title='bbox 610 1937 662 1978; x_wconf 91' lang='lat' dir='ltr'><strong>sua</strong></span> <span class='ocrx_word' id='word_1_149' title='bbox 678 1917 831 1998; x_wconf 87' lang='lat' dir='ltr'><strong>p(eouuia)</strong></span> <span class='ocrx_word' id='word_1_150' title='bbox 847 1916 1009 1996; x_wconf 87' lang='lat' dir='ltr'><strong>f(eceruut)</strong></span> <span class='ocrx_word' id='word_1_151' title='bbox 1017 1916 1079 1994; x_wconf 72' lang='grc'><strong>186).</strong></span> <span class='ocrx_word' id='word_1_152' title='bbox 1109 1919 1205 1997; x_wconf 81' lang='lat' dir='ltr'><strong>Atque</strong></span> <span class='ocrx_word' id='word_1_153' title='bbox 1216 1917 1249 1978; x_wconf 93' lang='lat' dir='ltr'><strong>iu</strong></span> <span class='ocrx_word' id='word_1_154' title='bbox 1261 1917 1416 1996; x_wconf 80' lang='lat' dir='ltr'><strong>epistylio:</strong></span> <span class='ocrx_word' id='word_1_155' title='bbox 1512 1919 1513 1998; x_wconf 68' lang='lat' dir='ltr'><strong>l</strong></span> 
     </span>
     <span class='ocr_line' id='line_1_17' title="bbox 269 2013 1513 2098; baseline 0.002 -24"><span class='ocrx_word' id='word_1_156' title='bbox 269 2014 302 2074; x_wconf 92' lang='lat' dir='ltr'><strong>L.</strong></span> <span class='ocrx_word' id='word_1_157' title='bbox 326 2013 452 2076; x_wconf 82' lang='lat' dir='ltr'><strong>Marcius</strong></span> <span class='ocrx_word' id='word_1_158' title='bbox 476 2016 608 2095; x_wconf 86' lang='lat' dir='ltr'><strong>Simplex</strong></span> <span class='ocrx_word' id='word_1_159' title='bbox 638 2025 668 2078; x_wconf 89' lang='lat' dir='ltr'><strong>et</strong></span> <span class='ocrx_word' id='word_1_160' title='bbox 695 2016 727 2076; x_wconf 88' lang='lat' dir='ltr'><strong>L.</strong></span> <span class='ocrx_word' id='word_1_161' title='bbox 754 2014 901 2092; x_wconf 77' lang='lat' dir='ltr'><strong>Marloius</strong></span> <span class='ocrx_word' id='word_1_162' title='bbox 931 2016 1063 2098; x_wconf 87' lang='lat' dir='ltr'><strong>Simplex</strong></span> <span class='ocrx_word' id='word_1_163' title='bbox 1090 2016 1270 2096; x_wconf 85' lang='lat' dir='ltr'><strong>Regilliauus</strong></span> <span class='ocrx_word' id='word_1_164' title='bbox 1291 2035 1316 2076; x_wconf 89' lang='lat' dir='ltr'><strong>s.</strong></span> <span class='ocrx_word' id='word_1_165' title='bbox 1340 2035 1372 2094; x_wconf 88' lang='lat' dir='ltr'><strong>p.</strong></span> <span class='ocrx_word' id='word_1_166' title='bbox 1396 2016 1418 2076; x_wconf 87' lang='lat' dir='ltr'><strong>i.</strong></span> <span class='ocrx_word' id='word_1_167' title='bbox 1512 2029 1513 2058; x_wconf 75' lang='lat'>³</span> 
     </span>
    </p>
   </div>
   <div class='ocr_carea' id='block_1_4' title="bbox 268 2113 1419 2194">
    <p class='ocr_par' dir='ltr' id='par_1_5' title="bbox 268 2113 1419 2194">
     <span class='ocr_line' id='line_1_18' title="bbox 268 2113 1419 2194; baseline 0.001 -21"><span class='ocrx_word' id='word_1_168' title='bbox 268 2113 394 2174; x_wconf 85' lang='lat' dir='ltr'><strong>Marcius</strong></span> <span class='ocrx_word' id='word_1_169' title='bbox 411 2114 542 2194; x_wconf 90' lang='lat' dir='ltr'><strong>Simplex</strong></span> <span class='ocrx_word' id='word_1_170' title='bbox 565 2115 641 2176; x_wconf 90' lang='lat' dir='ltr'><strong>haud</strong></span> <span class='ocrx_word' id='word_1_171' title='bbox 665 2114 753 2176; x_wconf 92' lang='lat' dir='ltr'><strong>dubie</strong></span> <span class='ocrx_word' id='word_1_172' title='bbox 776 2122 821 2176; x_wconf 91' lang='lat' dir='ltr'><strong>est</strong></span> <span class='ocrx_word' id='word_1_173' title='bbox 842 2114 878 2186; x_wconf 89' lang='lat' dir='ltr'><strong>is,</strong></span> <span class='ocrx_word' id='word_1_174' title='bbox 902 2114 949 2176; x_wconf 90' lang='lat' dir='ltr'><strong>cui</strong></span> <span class='ocrx_word' id='word_1_175' title='bbox 971 2131 1062 2193; x_wconf 86' lang='lat' dir='ltr'><strong>pagus</strong></span> <span class='ocrx_word' id='word_1_176' title='bbox 1078 2121 1107 2175; x_wconf 90' lang='lat' dir='ltr'><strong>et</strong></span> <span class='ocrx_word' id='word_1_177' title='bbox 1122 2114 1199 2176; x_wconf 86' lang='lat' dir='ltr'><strong>eires</strong></span> <span class='ocrx_word' id='word_1_178' title='bbox 1221 2114 1419 2191; x_wconf 86' lang='lat' dir='ltr'><strong>Thuggeuses</strong></span> 
     </span>
    </p>
   </div>
   <div class='ocr_carea' id='block_1_5' title="bbox 269 2211 1513 2292">
    <p class='ocr_par' dir='ltr' id='par_1_6' title="bbox 269 2211 1513 2292">
     <span class='ocr_line' id='line_1_19' title="bbox 269 2211 1513 2292; baseline 0.002 -22"><span class='ocrx_word' id='word_1_179' title='bbox 269 2211 307 2270; x_wconf 91' lang='lat' dir='ltr'><strong>ob</strong></span> <span class='ocrx_word' id='word_1_180' title='bbox 336 2213 482 2290; x_wconf 89' lang='lat' dir='ltr'><strong>egregiam</strong></span> <span class='ocrx_word' id='word_1_181' title='bbox 518 2214 581 2274; x_wconf 89' lang='lat' dir='ltr'><strong>eius</strong></span> <span class='ocrx_word' id='word_1_182' title='bbox 613 2215 644 2274; x_wconf 94' lang='lat' dir='ltr'><strong>iu</strong></span> <span class='ocrx_word' id='word_1_183' title='bbox 672 2214 797 2292; x_wconf 90' lang='lat' dir='ltr'><strong>patriam</strong></span> <span class='ocrx_word' id='word_1_184' title='bbox 828 2211 1059 2274; x_wconf 82' lang='lat' dir='ltr'><strong>munificentiam</strong></span> <span class='ocrx_word' id='word_1_185' title='bbox 1091 2221 1217 2273; x_wconf 89' lang='lat' dir='ltr'><strong>statuam</strong></span> <span class='ocrx_word' id='word_1_186' title='bbox 1247 2221 1420 2290; x_wconf 89' lang='lat' dir='ltr'><strong>posuerunt</strong></span> <span class='ocrx_word' id='word_1_187' title='bbox 1512 2261 1513 2282; x_wconf 69' lang='lat'><strong>.</strong></span> 
     </span>
    </p>
   </div>
   <div class='ocr_carea' id='block_1_6' title="bbox 267 2307 1418 3154">
    <p class='ocr_par' dir='ltr' id='par_1_7' title="bbox 267 2307 1418 3154">
     <span class='ocr_line' id='line_1_20' title="bbox 269 2307 1418 2390; baseline 0.002 -22"><span class='ocrx_word' id='word_1_188' title='bbox 269 2307 320 2386; x_wconf 85' lang='lat' dir='ltr'><strong>(oi.</strong></span> <span class='ocrx_word' id='word_1_189' title='bbox 343 2309 388 2368; x_wconf 91' lang='lat' dir='ltr'><strong>tit.</strong></span> <span class='ocrx_word' id='word_1_190' title='bbox 411 2328 440 2368; x_wconf 92' lang='lat' dir='ltr'><strong>n.</strong></span> <span class='ocrx_word' id='word_1_191' title='bbox 467 2309 570 2388; x_wconf 86' lang='grc'>1494).</span> <span class='ocrx_word' id='word_1_192' title='bbox 616 2311 801 2388; x_wconf 85' lang='lat' dir='ltr'><strong>Thuggeusis</strong></span> <span class='ocrx_word' id='word_1_193' title='bbox 831 2311 930 2390; x_wconf 90' lang='lat' dir='ltr'><strong>oppidi</strong></span> <span class='ocrx_word' id='word_1_194' title='bbox 958 2311 1053 2370; x_wconf 84' lang='lat' dir='ltr'><strong>forma</strong></span> <span class='ocrx_word' id='word_1_195' title='bbox 1083 2310 1205 2370; x_wconf 89' lang='lat' dir='ltr'><strong>diversis</strong></span> <span class='ocrx_word' id='word_1_196' title='bbox 1227 2309 1418 2388; x_wconf 88' lang='lat' dir='ltr'><strong>temporibus</strong></span> 
     </span>
     <span class='ocr_line' id='line_1_21' title="bbox 269 2406 1417 2488; baseline 0 -20"><span class='ocrx_word' id='word_1_197' title='bbox 269 2425 344 2488; x_wconf 87' lang='lat' dir='ltr'><strong>quae</strong></span> <span class='ocrx_word' id='word_1_198' title='bbox 365 2406 454 2467; x_wconf 86' lang='lat' dir='ltr'><strong>fuerit</strong></span> <span class='ocrx_word' id='word_1_199' title='bbox 471 2408 682 2475; x_wconf 88' lang='lat' dir='ltr'><strong>Wilmauusius</strong></span> <span class='ocrx_word' id='word_1_200' title='bbox 704 2410 735 2470; x_wconf 92' lang='lat' dir='ltr'><strong>iu</strong></span> <span class='ocrx_word' id='word_1_201' title='bbox 751 2411 872 2488; x_wconf 85' lang='lat' dir='ltr'><strong>praefat.</strong></span> <span class='ocrx_word' id='word_1_202' title='bbox 896 2409 939 2468; x_wconf 88' lang='lat' dir='ltr'><strong>tit.</strong></span> <span class='ocrx_word' id='word_1_203' title='bbox 964 2407 1006 2487; x_wconf 93' lang='lat' dir='ltr'><strong>(p.</strong></span> <span class='ocrx_word' id='word_1_204' title='bbox 1027 2406 1096 2484; x_wconf 86' lang='grc'>173)</span> <span class='ocrx_word' id='word_1_205' title='bbox 1120 2408 1266 2487; x_wconf 87' lang='lat' dir='ltr'><strong>exposuit.</strong></span> <span class='ocrx_word' id='word_1_206' title='bbox 1311 2408 1417 2468; x_wconf 88' lang='lat' dir='ltr'><strong>Primo</strong></span> 
     </span>
     <span class='ocr_line' id='line_1_22' title="bbox 269 2505 1418 2587; baseline 0 -21"><span class='ocrx_word' id='word_1_207' title='bbox 269 2505 347 2566; x_wconf 92' lang='lat' dir='ltr'><strong>enim</strong></span> <span class='ocrx_word' id='word_1_208' title='bbox 372 2506 489 2568; x_wconf 82' lang='lat' dir='ltr'><strong>saeculo</strong></span> <span class='ocrx_word' id='word_1_209' title='bbox 519 2509 681 2586; x_wconf 89' lang='lat' dir='ltr'><strong>appellatur</strong></span> <span class='ocrx_word' id='word_1_210' title='bbox 702 2526 795 2587; x_wconf 92' lang='lat' dir='ltr'><strong>pagus</strong></span> <span class='ocrx_word' id='word_1_211' title='bbox 817 2507 930 2585; x_wconf 86' lang='lat' dir='ltr'><strong>Thugg.</strong></span> <span class='ocrx_word' id='word_1_212' title='bbox 962 2513 1002 2580; x_wconf 79' lang='lat' dir='ltr'><strong>(u.</strong></span> <span class='ocrx_word' id='word_1_213' title='bbox 1029 2505 1133 2580; x_wconf 83' lang='lat'>1478),</span> <span class='ocrx_word' id='word_1_214' title='bbox 1162 2506 1293 2566; x_wconf 85' lang='lat' dir='ltr'><strong>seeundo</strong></span> <span class='ocrx_word' id='word_1_215' title='bbox 1316 2505 1418 2567; x_wconf 84' lang='lat' dir='ltr'><strong>Marco</strong></span> 
     </span>
     <span class='ocr_line' id='line_1_23' title="bbox 267 2604 1418 2683; baseline 0.002 -21"><span class='ocrx_word' id='word_1_216' title='bbox 267 2613 410 2680; x_wconf 83' lang='lat' dir='ltr'><strong>regnante</strong></span> <span class='ocrx_word' id='word_1_217' title='bbox 439 2623 532 2683; x_wconf 88' lang='lat' dir='ltr'><strong>pagus</strong></span> <span class='ocrx_word' id='word_1_218' title='bbox 555 2614 585 2665; x_wconf 95' lang='lat' dir='ltr'><strong>et</strong></span> <span class='ocrx_word' id='word_1_219' title='bbox 607 2606 707 2666; x_wconf 79' lang='lat' dir='ltr'><strong>civitas</strong></span> <span class='ocrx_word' id='word_1_220' title='bbox 739 2605 783 2683; x_wconf 91' lang='lat' dir='ltr'><strong>(n.</strong></span> <span class='ocrx_word' id='word_1_221' title='bbox 808 2604 912 2682; x_wconf 85' lang='grc'>1494),</span> <span class='ocrx_word' id='word_1_222' title='bbox 935 2605 1023 2664; x_wconf 85' lang='grc'>111111</span> <span class='ocrx_word' id='word_1_223' title='bbox 1046 2605 1102 2666; x_wconf 86' lang='lat' dir='ltr'><strong>sub</strong></span> <span class='ocrx_word' id='word_1_224' title='bbox 1125 2605 1289 2664; x_wconf 81' lang='lat' dir='ltr'><strong>Alexandro</strong></span> <span class='ocrx_word' id='word_1_225' title='bbox 1314 2604 1418 2666; x_wconf 89' lang='lat' dir='ltr'><strong>muni·</strong></span> 
     </span>
     <span class='ocr_line' id='line_1_24' title="bbox 267 2701 1416 2780; baseline 0.002 -20"><span class='ocrx_word' id='word_1_226' title='bbox 267 2701 377 2780; x_wconf 90' lang='lat' dir='ltr'><strong>oipium</strong></span> <span class='ocrx_word' id='word_1_227' title='bbox 401 2701 580 2780; x_wconf 88' lang='lat' dir='ltr'><strong>Septimium</strong></span> <span class='ocrx_word' id='word_1_228' title='bbox 602 2703 754 2764; x_wconf 82' lang='lat' dir='ltr'><strong>Aurelium</strong></span> <span class='ocrx_word' id='word_1_229' title='bbox 776 2703 917 2762; x_wconf 91' lang='lat' dir='ltr'><strong>Liberum</strong></span> <span class='ocrx_word' id='word_1_230' title='bbox 939 2702 1058 2780; x_wconf 83' lang='lat' dir='ltr'><strong>Thugga</strong></span> <span class='ocrx_word' id='word_1_231' title='bbox 1082 2708 1124 2774; x_wconf 86' lang='lat' dir='ltr'><strong>(n.</strong></span> <span class='ocrx_word' id='word_1_232' title='bbox 1151 2701 1245 2779; x_wconf 84' lang='lat'>1484)</span> <span class='ocrx_word' id='word_1_233' title='bbox 1275 2711 1305 2762; x_wconf 89' lang='grc'><strong>11</strong></span> <span class='ocrx_word' id='word_1_234' title='bbox 1327 2703 1416 2763; x_wconf 91' lang='lat' dir='ltr'><strong>titulo</strong></span> 
     </span>
     <span class='ocr_line' id='line_1_25' title="bbox 267 2798 1417 2880; baseline 0.005 -23"><span class='ocrx_word' id='word_1_235' title='bbox 267 2815 296 2858; x_wconf 92' lang='lat' dir='ltr'><strong>n.</strong></span> <span class='ocrx_word' id='word_1_236' title='bbox 321 2798 402 2858; x_wconf 85' lang='grc'>1487</span> <span class='ocrx_word' id='word_1_237' title='bbox 433 2817 511 2860; x_wconf 91' lang='lat' dir='ltr'><strong>anno</strong></span> <span class='ocrx_word' id='word_1_238' title='bbox 538 2819 567 2880; x_wconf 92' lang='lat' dir='ltr'><strong>p.</strong></span> <span class='ocrx_word' id='word_1_239' title='bbox 594 2801 660 2862; x_wconf 87' lang='lat' dir='ltr'><strong>Chr.</strong></span> <span class='ocrx_word' id='word_1_240' title='bbox 683 2800 741 2860; x_wconf 83' lang='lat'><strong>261</strong></span> <span class='ocrx_word' id='word_1_241' title='bbox 775 2801 873 2879; x_wconf 89' lang='lat' dir='ltr'><strong>posito</strong></span> <span class='ocrx_word' id='word_1_242' title='bbox 903 2802 955 2862; x_wconf 92' lang='lat' dir='ltr'><strong>ool.</strong></span> <span class='ocrx_word' id='word_1_243' title='bbox 986 2799 1096 2862; x_wconf 89' lang='lat' dir='ltr'><strong>Licinia</strong></span> <span class='ocrx_word' id='word_1_244' title='bbox 1126 2800 1266 2878; x_wconf 87' lang='lat' dir='ltr'><strong>Septimia</strong></span> <span class='ocrx_word' id='word_1_245' title='bbox 1297 2801 1417 2862; x_wconf 83' lang='lat' dir='ltr'><strong>Aurelia</strong></span> 
     </span>
     <span class='ocr_line' id='line_1_26' title="bbox 267 2897 1415 2978; baseline 0.001 -21"><span class='ocrx_word' id='word_1_246' title='bbox 267 2897 481 2959; x_wconf 76' lang='lat' dir='ltr'><strong>Alexandriana</strong></span> <span class='ocrx_word' id='word_1_247' title='bbox 506 2897 636 2977; x_wconf 87' lang='lat' dir='ltr'><strong>Thugga.</strong></span> <span class='ocrx_word' id='word_1_248' title='bbox 660 2899 869 2978; x_wconf 83' lang='lat' dir='ltr'><strong>Reipublicae</strong></span> <span class='ocrx_word' id='word_1_249' title='bbox 897 2899 984 2978; x_wconf 88' lang='lat' dir='ltr'><strong>igitur</strong></span> <span class='ocrx_word' id='word_1_250' title='bbox 1006 2905 1100 2958; x_wconf 85' lang='lat' dir='ltr'><strong>status</strong></span> <span class='ocrx_word' id='word_1_251' title='bbox 1128 2897 1168 2957; x_wconf 93' lang='lat' dir='ltr'><strong>ita</strong></span> <span class='ocrx_word' id='word_1_252' title='bbox 1192 2897 1309 2958; x_wconf 88' lang='lat' dir='ltr'><strong>videtur</strong></span> <span class='ocrx_word' id='word_1_253' title='bbox 1331 2916 1415 2958; x_wconf 87' lang='lat' dir='ltr'><strong>oom-</strong></span> 
     </span>
     <span class='ocr_line' id='line_1_27' title="bbox 267 2995 1415 3076; baseline 0.001 -22"><span class='ocrx_word' id='word_1_254' title='bbox 267 3004 400 3056; x_wconf 88' lang='lat' dir='ltr'><strong>mutatus</strong></span> <span class='ocrx_word' id='word_1_255' title='bbox 423 3015 488 3058; x_wconf 88' lang='lat' dir='ltr'><strong>esse</strong></span> <span class='ocrx_word' id='word_1_256' title='bbox 511 3005 544 3058; x_wconf 90' lang='lat' dir='ltr'><strong>ut</strong></span> <span class='ocrx_word' id='word_1_257' title='bbox 566 3015 581 3058; x_wconf 86' lang='lat' dir='ltr'><strong>a</strong></span> <span class='ocrx_word' id='word_1_258' title='bbox 605 2997 714 3058; x_wconf 85' lang='lat' dir='ltr'><strong>Severo</strong></span> <span class='ocrx_word' id='word_1_259' title='bbox 731 2997 897 3076; x_wconf 62' lang='lat' dir='ltr'><strong>municipii.</strong></span> <span class='ocrx_word' id='word_1_260' title='bbox 915 2995 1048 3058; x_wconf 89' lang='lat' dir='ltr'><strong>Gallieno</strong></span> <span class='ocrx_word' id='word_1_261' title='bbox 1061 3001 1206 3074; x_wconf 87' lang='lat' dir='ltr'><strong>regnante</strong></span> <span class='ocrx_word' id='word_1_262' title='bbox 1222 2995 1334 3057; x_wconf 80' lang='lat' dir='ltr'><strong>colonia</strong></span> <span class='ocrx_word' id='word_1_263' title='bbox 1350 2996 1415 3058; x_wconf 87' lang='lat' dir='ltr'><strong>iure</strong></span> 
     </span>
     <span class='ocr_line' id='line_1_28' title="bbox 268 3103 433 3154; baseline 0.012 -2"><span class='ocrx_word' id='word_1_264' title='bbox 268 3103 433 3154; x_wconf 87' lang='lat' dir='ltr'><strong>ornaretur.</strong></span> 
     </span>
    </p>
   </div>
   <div class='ocr_carea' id='block_1_7' title="bbox 624 3241 1042 3310">
    <p class='ocr_par' dir='ltr' id='par_1_8' title="bbox 624 3241 1042 3310">
     <span class='ocr_line' id='line_1_29' title="bbox 624 3241 1042 3310; baseline 0.014 -6"><span class='ocrx_word' id='word_1_265' title='bbox 624 3241 653 3308; x_wconf 91' lang='lat' dir='ltr'><strong>b.</strong></span> <span class='ocrx_word' id='word_1_266' title='bbox 689 3241 860 3307; x_wconf 78' lang='lat' dir='ltr'><strong>Provincia</strong></span> <span class='ocrx_word' id='word_1_267' title='bbox 883 3241 1042 3310; x_wconf 88' lang='lat' dir='ltr'><strong>Numidia.</strong></span> 
     </span>
    </p>
   </div>
   <div class='ocr_carea' id='block_1_8' title="bbox 755 3381 918 3438">
    <p class='ocr_par' dir='ltr' id='par_1_9' title="bbox 755 3381 918 3438">
     <span class='ocr_line' id='line_1_30' title="bbox 755 3381 918 3438; baseline 0 -2"><span class='ocrx_word' id='word_1_268' title='bbox 755 3381 918 3438; x_wconf 84' lang='lat' dir='ltr'><strong>Theveste.</strong></span> 
     </span>
    </p>
   </div>
   <div class='ocr_carea' id='block_1_9' title="bbox 267 3481 1411 3956">
    <p class='ocr_par' dir='ltr' id='par_1_10' title="bbox 267 3481 1411 3956">
     <span class='ocr_line' id='line_1_31' title="bbox 352 3481 1411 3564; baseline 0.007 -24"><span class='ocrx_word' id='word_1_269' title='bbox 352 3481 387 3542; x_wconf 91' lang='lat' dir='ltr'><strong>lu</strong></span> <span class='ocrx_word' id='word_1_270' title='bbox 420 3501 492 3544; x_wconf 87' lang='lat' dir='ltr'><strong>areu</strong></span> <span class='ocrx_word' id='word_1_271' title='bbox 524 3485 721 3563; x_wconf 85' lang='lat' dir='ltr'><strong>quadrifronti</strong></span> <span class='ocrx_word' id='word_1_272' title='bbox 751 3485 834 3546; x_wconf 91' lang='lat' dir='ltr'><strong>intus</strong></span> <span class='ocrx_word' id='word_1_273' title='bbox 868 3505 884 3546; x_wconf 89' lang='grc'><strong>1</strong></span> <span class='ocrx_word' id='word_1_274' title='bbox 912 3487 1013 3546; x_wconf 87' lang='lat' dir='ltr'><strong>dextra</strong></span> <span class='ocrx_word' id='word_1_275' title='bbox 1041 3483 1181 3564; x_wconf 91' lang='lat' dir='ltr'><strong>oppidum</strong></span> <span class='ocrx_word' id='word_1_276' title='bbox 1209 3483 1334 3548; x_wconf 86' lang='lat' dir='ltr'><strong>intranti</strong></span> <span class='ocrx_word' id='word_1_277' title='bbox 1360 3505 1411 3547; x_wconf 89' lang='lat' dir='ltr'><strong>oo·</strong></span> 
     </span>
     <span class='ocr_line' id='line_1_32' title="bbox 268 3580 1411 3663; baseline 0.003 -21"><span class='ocrx_word' id='word_1_278' title='bbox 268 3581 363 3642; x_wconf 84' lang='lat' dir='ltr'><strong>currit</strong></span> <span class='ocrx_word' id='word_1_279' title='bbox 386 3580 415 3641; x_wconf 87' lang='lat' dir='ltr'><strong>C.</strong></span> <span class='ocrx_word' id='word_1_280' title='bbox 440 3581 570 3643; x_wconf 85' lang='lat' dir='ltr'><strong>Cornelii</strong></span> <span class='ocrx_word' id='word_1_281' title='bbox 592 3581 733 3662; x_wconf 86' lang='lat' dir='ltr'><strong>Egriliani</strong></span> <span class='ocrx_word' id='word_1_282' title='bbox 755 3583 894 3663; x_wconf 85' lang='lat' dir='ltr'><strong>praefecti</strong></span> <span class='ocrx_word' id='word_1_283' title='bbox 917 3583 1039 3660; x_wconf 88' lang='lat' dir='ltr'><strong>legionis</strong></span> <span class='ocrx_word' id='word_1_284' title='bbox 1062 3582 1139 3644; x_wconf 88' lang='lat' dir='ltr'><strong>Xllll</strong></span> <span class='ocrx_word' id='word_1_285' title='bbox 1161 3583 1298 3662; x_wconf 87' lang='lat' dir='ltr'><strong>geminae</strong></span> <span class='ocrx_word' id='word_1_286' title='bbox 1319 3591 1411 3645; x_wconf 88' lang='lat' dir='ltr'><strong>testa-</strong></span> 
     </span>
     <span class='ocr_line' id='line_1_33' title="bbox 267 3680 1411 3761; baseline 0.003 -23"><span class='ocrx_word' id='word_1_287' title='bbox 267 3688 419 3749; x_wconf 85' lang='lat' dir='ltr'><strong>mentum,</strong></span> <span class='ocrx_word' id='word_1_288' title='bbox 447 3698 506 3758; x_wconf 93' lang='lat' dir='ltr'><strong>quo</strong></span> <span class='ocrx_word' id='word_1_289' title='bbox 538 3697 672 3758; x_wconf 88' lang='lat' dir='ltr'><strong>maguam</strong></span> <span class='ocrx_word' id='word_1_290' title='bbox 700 3682 742 3742; x_wconf 90' lang='lat' dir='ltr'><strong>rei</strong></span> <span class='ocrx_word' id='word_1_291' title='bbox 772 3682 920 3744; x_wconf 82' lang='lat' dir='ltr'><strong>familiaris</strong></span> <span class='ocrx_word' id='word_1_292' title='bbox 948 3689 1064 3761; x_wconf 90' lang='lat' dir='ltr'><strong>partem</strong></span> <span class='ocrx_word' id='word_1_293' title='bbox 1093 3684 1202 3760; x_wconf 94' lang='lat' dir='ltr'><strong>populo</strong></span> <span class='ocrx_word' id='word_1_294' title='bbox 1232 3680 1411 3742; x_wconf 88' lang='lat' dir='ltr'><strong>Thevestiuo</strong></span> 
     </span>
     <span class='ocr_line' id='line_1_34' title="bbox 267 3775 1411 3859; baseline 0.003 -23"><span class='ocrx_word' id='word_1_295' title='bbox 267 3775 372 3854; x_wconf 89' lang='lat' dir='ltr'><strong>legavit</strong></span> <span class='ocrx_word' id='word_1_296' title='bbox 393 3776 443 3848; x_wconf 83' lang='lat' dir='ltr'><strong>ita,</strong></span> <span class='ocrx_word' id='word_1_297' title='bbox 466 3785 500 3838; x_wconf 95' lang='lat' dir='ltr'><strong>ut</strong></span> <span class='ocrx_word' id='word_1_298' title='bbox 520 3796 606 3839; x_wconf 85' lang='lat' dir='ltr'><strong>arcus</strong></span> <span class='ocrx_word' id='word_1_299' title='bbox 629 3797 696 3840; x_wconf 88' lang='lat' dir='ltr'><strong>cum</strong></span> <span class='ocrx_word' id='word_1_300' title='bbox 720 3779 826 3840; x_wconf 90' lang='lat' dir='ltr'><strong>statuis</strong></span> <span class='ocrx_word' id='word_1_301' title='bbox 848 3781 940 3858; x_wconf 82' lang='lat' dir='ltr'><strong>hugg.</strong></span> <span class='ocrx_word' id='word_1_302' title='bbox 971 3797 1024 3840; x_wconf 91' lang='lat' dir='ltr'><strong>un.</strong></span> <span class='ocrx_word' id='word_1_303' title='bbox 1053 3786 1082 3840; x_wconf 88' lang='lat' dir='ltr'><strong>et</strong></span> <span class='ocrx_word' id='word_1_304' title='bbox 1104 3779 1265 3859; x_wconf 84' lang='lat' dir='ltr'><strong>tetrastylis</strong></span> <span class='ocrx_word' id='word_1_305' title='bbox 1294 3779 1411 3840; x_wconf 87' lang='lat' dir='ltr'><strong>duobus</strong></span> 
     </span>
     <span class='ocr_line' id='line_1_35' title="bbox 268 3873 1411 3956; baseline 0.003 -22"><span class='ocrx_word' id='word_1_306' title='bbox 268 3891 336 3934; x_wconf 85' lang='lat' dir='ltr'><strong>oum</strong></span> <span class='ocrx_word' id='word_1_307' title='bbox 359 3873 464 3936; x_wconf 90' lang='lat' dir='ltr'><strong>statuis</strong></span> <span class='ocrx_word' id='word_1_308' title='bbox 488 3875 610 3936; x_wconf 91' lang='lat' dir='ltr'><strong>lunonis</strong></span> <span class='ocrx_word' id='word_1_309' title='bbox 640 3885 669 3936; x_wconf 90' lang='lat' dir='ltr'><strong>et</strong></span> <span class='ocrx_word' id='word_1_310' title='bbox 695 3877 840 3938; x_wconf 84' lang='lat' dir='ltr'><strong>Minervae</strong></span> <span class='ocrx_word' id='word_1_311' title='bbox 867 3877 898 3938; x_wconf 92' lang='lat' dir='ltr'><strong>iu</strong></span> <span class='ocrx_word' id='word_1_312' title='bbox 926 3881 991 3938; x_wconf 84' lang='lat' dir='ltr'><strong>foro</strong></span> <span class='ocrx_word' id='word_1_313' title='bbox 1018 3878 1102 3938; x_wconf 87' lang='lat' dir='ltr'><strong>tieret</strong></span> <span class='ocrx_word' id='word_1_314' title='bbox 1130 3877 1277 3956; x_wconf 85' lang='lat' dir='ltr'><strong>certisque</strong></span> <span class='ocrx_word' id='word_1_315' title='bbox 1305 3877 1411 3938; x_wconf 86' lang='lat' dir='ltr'><strong>diebus</strong></span> 
     </span>
    </p>
   </div>
   <div class='ocr_carea' id='block_1_10' title="bbox 266 3965 1513 4053">
    <p class='ocr_par' dir='ltr' id='par_1_11' title="bbox 266 3965 1513 4053">
     <span class='ocr_line' id='line_1_36' title="bbox 266 3965 1513 4053; baseline 0.002 -23"><span class='ocrx_word' id='word_1_316' title='bbox 266 3970 381 4049; x_wconf 81' lang='lat' dir='ltr'><strong>publice</strong></span> <span class='ocrx_word' id='word_1_317' title='bbox 405 3972 436 4031; x_wconf 93' lang='lat' dir='ltr'><strong>iu</strong></span> <span class='ocrx_word' id='word_1_318' title='bbox 458 3973 584 4033; x_wconf 86' lang='lat' dir='ltr'><strong>thermis</strong></span> <span class='ocrx_word' id='word_1_319' title='bbox 607 3976 716 4052; x_wconf 94' lang='lat' dir='ltr'><strong>populo</strong></span> <span class='ocrx_word' id='word_1_320' title='bbox 738 3973 889 4052; x_wconf 79' lang='lat' dir='ltr'><strong>gymnasia</strong></span> <span class='ocrx_word' id='word_1_321' title='bbox 911 3975 1125 4053; x_wconf 88' lang='lat' dir='ltr'><strong>praeberentur</strong></span> <span class='ocrx_word' id='word_1_322' title='bbox 1147 3974 1196 4052; x_wconf 86' lang='grc'>(11.</span> <span class='ocrx_word' id='word_1_323' title='bbox 1214 3975 1244 4034; x_wconf 85' lang='lat' dir='ltr'><strong>C.</strong></span> <span class='ocrx_word' id='word_1_324' title='bbox 1261 3975 1282 4034; x_wconf 97' lang='lat' dir='ltr'><strong>l.</strong></span> <span class='ocrx_word' id='word_1_325' title='bbox 1298 3975 1330 4034; x_wconf 88' lang='lat' dir='ltr'><strong>L.</strong></span> <span class='ocrx_word' id='word_1_326' title='bbox 1348 3974 1410 4034; x_wconf 90' lang='lat' dir='ltr'><strong>Vlll</strong></span> <span class='ocrx_word' id='word_1_327' title='bbox 1512 3965 1513 3990; x_wconf 56' lang='lat'><em>*</em></span> 
     </span>
    </p>
   </div>
   <div class='ocr_carea' id='block_1_11' title="bbox 267 4067 1330 4152">
    <p class='ocr_par' dir='ltr' id='par_1_12' title="bbox 267 4067 1330 4152">
     <span class='ocr_line' id='line_1_37' title="bbox 267 4067 1330 4152; baseline 0.003 -24"><span class='ocrx_word' id='word_1_328' title='bbox 267 4087 297 4128; x_wconf 92' lang='lat' dir='ltr'><strong>n.</strong></span> <span class='ocrx_word' id='word_1_329' title='bbox 317 4067 423 4148; x_wconf 85' lang='grc'>1858),</span> <span class='ocrx_word' id='word_1_330' title='bbox 445 4078 598 4148; x_wconf 90' lang='lat' dir='ltr'><strong>praeterea</strong></span> <span class='ocrx_word' id='word_1_331' title='bbox 621 4072 763 4150; x_wconf 87' lang='lat' dir='ltr'><strong>pecuniae</strong></span> <span class='ocrx_word' id='word_1_332' title='bbox 786 4091 853 4151; x_wconf 92' lang='lat' dir='ltr'><strong>pars</strong></span> <span class='ocrx_word' id='word_1_333' title='bbox 876 4073 912 4132; x_wconf 90' lang='lat' dir='ltr'><strong>ad</strong></span> <span class='ocrx_word' id='word_1_334' title='bbox 936 4071 1111 4152; x_wconf 84' lang='lat' dir='ltr'><strong>Capitolium</strong></span> <span class='ocrx_word' id='word_1_335' title='bbox 1135 4071 1330 4150; x_wconf 62' lang='grc'>(1111111187).</span> 
     </span>
    </p>
   </div>
   <div class='ocr_carea' id='block_1_12' title="bbox 334 4282 1513 4446">
    <p class='ocr_par' dir='ltr' id='par_1_13' title="bbox 334 4282 1513 4446">
     <span class='ocr_line' id='line_1_38' title="bbox 334 4282 821 4346; baseline 0.004 -12"><span class='ocrx_word' id='word_1_336' title='bbox 334 4285 376 4346; x_wconf 75' lang='lat'><strong>¹⁸⁸)</strong></span> <span class='ocrx_word' id='word_1_337' title='bbox 396 4282 563 4336; x_wconf 75' lang='lat' dir='ltr'><strong>u.1.l..v111</strong></span> <span class='ocrx_word' id='word_1_338' title='bbox 583 4302 605 4335; x_wconf 88' lang='lat' dir='ltr'><strong>u.</strong></span> <span class='ocrx_word' id='word_1_339' title='bbox 627 4287 665 4337; x_wconf 91' lang='grc'><strong>14.</strong></span> <span class='ocrx_word' id='word_1_340' title='bbox 686 4287 725 4336; x_wconf 83' lang='grc'><strong>71.</strong></span> <span class='ocrx_word' id='word_1_341' title='bbox 747 4287 821 4338; x_wconf 81' lang='grc'>1412.</span> 
     </span>
     <span class='ocr_line' id='line_1_39' title="bbox 334 4363 1513 4446; baseline -0.003 -28"><span class='ocrx_word' id='word_1_342' title='bbox 334 4365 376 4429; x_wconf 79' lang='lat'><strong>¹⁸⁷)</strong></span> <span class='ocrx_word' id='word_1_343' title='bbox 395 4364 456 4416; x_wconf 89' lang='lat' dir='ltr'><strong>ibid.</strong></span> <span class='ocrx_word' id='word_1_344' title='bbox 481 4382 503 4416; x_wconf 88' lang='lat' dir='ltr'><strong>u.</strong></span> <span class='ocrx_word' id='word_1_345' title='bbox 525 4366 604 4417; x_wconf 85' lang='lat'>1858:</span> <span class='ocrx_word' id='word_1_346' title='bbox 629 4367 759 4432; x_wconf 85' lang='lat' dir='ltr'><strong>[datasque</strong></span> <span class='ocrx_word' id='word_1_347' title='bbox 783 4369 823 4430; x_wconf 81' lang='lat' dir='ltr'><strong>ald</strong></span> <span class='ocrx_word' id='word_1_348' title='bbox 845 4365 1019 4434; x_wconf 68' lang='lat' dir='ltr'><strong>kapitolfiuut)</strong></span> <span class='ocrx_word' id='word_1_349' title='bbox 1043 4367 1167 4431; x_wconf 52' lang='lat' dir='ltr'><strong>armenti)</strong></span> <span class='ocrx_word' id='word_1_350' title='bbox 1188 4365 1291 4434; x_wconf 80' lang='lat' dir='ltr'><strong>lib(raa)</strong></span> <span class='ocrx_word' id='word_1_351' title='bbox 1315 4363 1408 4418; x_wconf 82' lang='lat' dir='ltr'><strong>CLXX</strong></span> <span class='ocrx_word' id='word_1_352' title='bbox 1512 4431 1513 4446; x_wconf 13' lang='grc' dir='ltr'><strong>χ</strong></span> 
     </span>
    </p>
   </div>
   <div class='ocr_carea' id='block_1_13' title="bbox 0 0 1548 5110">
    <p class='ocr_par' dir='ltr' id='par_1_14' title="bbox 0 0 1548 5110">
     <span class='ocr_line' id='line_1_40' title="bbox 0 0 1548 5110; baseline 0 4"><span class='ocrx_word' id='word_1_353' title='bbox 0 0 1548 5110; x_wconf 95' lang='lat' dir='ltr'><strong> </strong></span> 
     </span>
    </p>
   </div>
  </div>
 </body>
</html>
