3086 5110
614 372 832 434 ..55-

153 549 265 610 tiamur
287 564 349 608 non
372 546 554 607 adducimur.
600 547 637 608 ht
658 553 759 607 contra
783 547 874 619 illum,
898 548 948 626 qui
972 565 1010 608 ne
1026 555 1159 608 extremo
1174 547 1292 629 quidam

152 646 231 707 vitae
246 655 379 724 tempore
395 664 411 705 a
427 645 551 705 deorum
575 646 656 706 cultu
678 663 801 724 prorsus
830 644 1016 714 abhorrebat,
1041 644 1294 725 Constantinopoli

154 745 278 804 aliorum
302 762 420 822 qnoque
443 744 566 802 deorum
595 742 682 802 aedes
708 743 859 804 adihoasse
888 761 955 803 cum
988 743 1116 804 sciamus
1126 743 1193 822 ²⁰⁹),
1221 743 1295 804 nihil

153 843 233 902 aliud
257 849 403 919 spectasse
426 840 544 900 videtur
565 843 653 918 qnam
676 848 710 900 ut
733 841 787 901 diis
810 840 981 919 Capitolinis
1005 842 1089 919 qnasi
1106 841 1223 921 imperii
1239 843 1294 903 do·

154 939 282 1000 dominis
305 955 410 998 novam
433 939 536 998 sedern
561 937 748 1017 pararet²²⁰t
795 939 898 1016 Neque
920 955 988 998 vero
1004 939 1053 998 diu
1070 939 1187 1000 illorum
1204 939 1295 1000 cultui

154 1037 298 1114 templum
320 1035 461 1105 inserviit,
485 1035 659 1113 cumsigno
683 1035 789 1096 Christi
812 1053 900 1114 supra
922 1037 1019 1115 posito
1041 1035 1075 1096 ad
1097 1033 1187 1098 alium
1204 1053 1293 1099 nsunt

155 1134 361 1196 destinaretur.

240 1231 325 1302 Quod
349 1231 468 1308 signum
492 1230 548 1290 kal.
571 1231 660 1309 April.
685 1231 753 1291 anni
776 1231 837 1290 407
860 1240 957 1292 terrac
987 1239 1073 1293 mntn
1091 1229 1293 1311 conciditffl).

154 1329 241 1402 Quali
263 1338 361 1390 autam
386 1329 454 1389 usui
478 1337 579 1407 postea
603 1328 778 1408 Capitolium
803 1329 901 1400 luerit,
924 1347 985 1390 non
1000 1329 1080 1401 latet,
1097 1349 1164 1390 curn
1180 1347 1216 1390 ex
1231 1331 1294 1408 lege

153 1449 180 1490 a.
196 1426 258 1488 425
282 1447 297 1488 a
314 1427 480 1488 Theodosio
503 1435 532 1489 et
548 1428 750 1488 Valentiniano
766 1429 831 1488 data
848 1445 902 1508 pro
919 1429 1064 1490 academia
1081 1425 1205 1508 quadarn
1221 1429 1292 1489 illud

40 1569 45 1572 -
152 1527 245 1588 fuisse
268 1527 498 1606 comperiamus,
519 1527 624 1606 inqua
643 1527 829 1604 professores
847 1526 909 1587 suis
928 1525 1085 1606 privilegiis
1104 1523 1222 1588 utenta's
1239 1527 1292 1586 dn·

155 1623 327 1702 cerent²¹²).

638 1776 671 1840 5.
706 1773 813 1840 Asia.
899 1721 902 1728 .

238 1903 319 1964 Inter
343 1921 392 1966 cas
416 1921 491 1981 quae
513 1892 627 1980 primae
649 1902 745 1962 cultus
768 1902 917 1963 Romanos
939 1910 1117 1981 receperunt
1132 1903 1294 1982 provincias

155 2009 235 2062 certe
257 2001 322 2062 alsia
345 2001 411 2074 luit,
433 2000 543 2080 quippe
567 2017 642 2078 quae
663 1999 722 2060 iam
747 2001 878 2063 secundo
901 2018 925 2062 a.
949 2001 1016 2062 Chr.
1040 2001 1156 2062 saeculo
1178 2000 1295 2079 templis

155 2100 190 2160 ad
213 2099 359 2160 honorem
383 2099 587 2160 Romanorum
617 2097 775 2158 aedificatis
803 2105 945 2160 uteretur.
990 2098 1030 2158 hc
1057 2097 1145 2158 huius
1174 2098 1293 2177 quidam

154 2264 237 2328 gleich
255 2279 305 2313 von
323 2259 424 2324 holong
442 2275 474 2310 an
492 2260 539 2310 mit
556 2259 694 2313 lliicltsicht
711 2259 757 2320 anf
777 2261 818 2311 dic
838 2258 990 2311 Geschichtc
1009 2262 1054 2310 der
1072 2259 1232 2325 Entstehung
1249 2261 1294 2310 der

155 2345 228 2396 stadt
240 2345 298 2394 eine
310 2344 404 2394 andero
416 2343 587 2406 Bestimmnng
600 2343 639 2393 als
653 2343 709 2392 eine
722 2342 991 2405 heidnisah-raligidse
1004 2342 1097 2404 gehabt
1108 2342 1188 2392 haben
1200 2343 1293 2395 nauss“.

222 2423 265 2489 ²⁰⁹)
283 2423 432 2490 Marquardt
450 2423 551 2474 Euchir.
570 2421 604 2473 lll
624 2424 683 2486 114,
704 2423 869 2474 Burchhardt.
889 2423 907 2472 l.
927 2439 948 2472 c.
967 2437 990 2488 p.
1010 2421 1067 2472 359.

221 2503 265 2571 ¹¹⁰)
284 2506 349 2558 Num
367 2504 486 2570 tenplum
499 2504 549 2556 iam
558 2505 700 2568 exstiterit,
719 2511 853 2570 antequam
866 2503 1048 2554 Constantinus
1066 2503 1153 2554 urbana
1167 2503 1293 2569 conderet,

154 2586 341 2636 diiudicandum
360 2585 472 2635 libenter
492 2586 610 2651 relinquo
626 2585 719 2636 Castan
738 2585 829 2650 iisque,
847 2585 890 2650 qui
902 2583 1008 2635 Tiberio
1026 2584 1241 2652 quaerentiunid
1255 2584 1295 2636 si-

154 2683 228 2718 renes
248 2666 419 2730 cantaverint,
438 2667 593 2731 respondere
610 2666 695 2734 parati
712 2665 773 2716 sint.

220 2747 263 2813 ²¹¹)
282 2747 399 2797 Chronic.
417 2747 535 2811 paschale
559 2745 569 2796 l
592 2763 615 2812 p.
629 2747 678 2797 570
699 2748 747 2810 (ed.
770 2746 862 2808 Bonn):
889 2746 936 2796 aul
959 2739 1031 2811 adrui
1056 2744 1092 2811 τῷ
1115 2743 1166 2798 ἔσει
1187 2745 1295 2814 ἐγένετο

152 2825 236 2900 βροχὴ
256 2825 360 2897 μεγάλη
380 2826 432 2881 σὺν
448 2831 572 2898 βρονταῖς
589 2829 636 2878 καὶ
652 2823 809 2896 ἀστραπαῖς
829 2830 875 2878 καί
893 2830 997 2896 σεισμῷ
1019 2829 1086 2896 μηνὶ
1108 2829 1229 2896 fundandi
1246 2847 1295 2880 κα-

151 2910 262 2966 ίανδαῖς
287 2903 427 2979 ἆπριίίαις
451 2911 636 2977 πρωθυμνίῳ,
663 2903 731 2959 ὥστε
753 2903 995 2971 ἆνασκευασθῆναι
1021 2903 1067 2964 τὰς
1088 2905 1222 2978 κεράμους
1248 2907 1297 2966 τὰς

149 2989 255 3058 χαλκοῖς
272 2989 318 3039 τοῦ
337 2985 426 3060 φόρου
449 2987 601 3039 Θεοδοσίου
622 2986 667 3040 dul
690 2981 883 3042 Καινούποίιν
908 2985 1007 3040 καὶτὸ
1029 2982 1225 3060 σιγνόχρισσον
1245 2991 1295 3042 τοῦ

152 3071 334 3122 Καπετωλίου
352 3071 505 3121 πεσεῖν...
525 3068 616 3120 Forum
634 3070 700 3136 qnod
719 3075 932 3120 commemoratur
948 3069 1150 3121 Theodosianunr
1168 3074 1255 3123 cadem
1267 3073 1294 3123 in

152 3152 258 3216 regiona
276 3165 353 3216 propo
371 3150 524 3215 Capitolium
542 3157 606 3211 erat,
624 3148 656 3200 cl.
675 3151 786 3212 Ducang.
805 3149 815 3200 l
834 3151 865 3203 21
888 3149 1002 3216 Gyllinrn
1019 3149 1051 3200 lll
1071 3152 1084 3199 7
1105 3153 1137 3216 (p.
1158 3153 1224 3215 168).

221 3232 265 3298 ¹¹²)
283 3231 343 3282 Cod.
362 3229 456 3282 Thaod.
471 3230 531 3282 xlv
549 3233 591 3281 tit.
604 3231 641 3282 IX
659 3233 691 3282 de
704 3233 794 3285 studiis
813 3232 965 3284 liberalibus
977 3232 1050 3283 urhis
1062 3231 1154 3286 nonae
1168 3241 1195 3285 cl
1207 3235 1294 3302 epotis

154 3313 206 3364 n.3
225 3315 268 3375 (n
282 3312 356 3376 Corp.
370 3310 431 3361 luat.
448 3309 469 3360 ll
487 3328 510 3377 p.
523 3311 596 3371 334):
623 3312 684 3377 „Sin
703 3320 787 3364 autom
805 3328 837 3362 ex
856 3327 941 3364 eornm
959 3327 1062 3364 numero
1081 3311 1176 3364 suerint
1194 3316 1236 3380 qni
1255 3317 1295 3366 vi-

154 3394 246 3443 dentur
270 3391 338 3442 intra
363 3391 483 3455 Capitolii
506 3392 661 3442 auditorium
683 3394 826 3458 constituti,
849 3393 875 3443 hi
898 3394 1010 3444 omnihus
1035 3393 1115 3444 modis
1139 3394 1294 3458 privatarum

153 3474 252 3526 aedium
271 3471 355 3522 studia
374 3471 424 3522 sihi
441 3472 578 3524 interdicta
597 3489 655 3524 esse
673 3481 834 3538 cognoscant,
853 3475 954 3536 scituri,
972 3476 1047 3540 quod,
1065 3475 1088 3526 si
1101 3476 1225 3526 advorsus
1237 3493 1295 3528 coa·

152 3555 229 3608 lectio
248 3558 346 3604 statuta
364 3551 490 3603 iacientes
508 3551 605 3604 luerint
622 3555 786 3620 deprehensi,
809 3556 874 3606 nihil
896 3556 997 3620 penitus
1016 3571 1049 3608 cx
1074 3557 1129 3608 illis
1147 3558 1295 3624 privilegiis

153 3643 347 3701 consequantur,
367 3651 430 3700 quaa
447 3636 496 3697 his,
516 3637 596 3702 quiin
611 3637 849 3703 Capitoliotantunr
866 3641 958 3690 docere
971 3641 1099 3704 praecepti
1118 3649 1184 3705 sont,
1202 3643 1293 3692 marito

153 3717 328 3770 delerantnr“.
373 3718 475 3768 Cladoa.
505 3725 607 3782 granam.
631 3713 684 3785 (ap,
701 3718 768 3770 llail.
792 3720 819 3770 C.
843 3719 887 3770 Gr.
912 3721 940 3771 t.
963 3721 985 3771 V
1009 3738 1031 3787 p.
1047 3723 1087 3784 14,
1099 3723 1136 3783 41:
1162 3721 1214 3787 „lit
1237 3723 1295 3787 qnia

152 3801 404 3866 praetermittendum
416 3799 478 3850 mihi
492 3815 540 3849 non
556 3800 637 3850 visunt
651 3801 769 3865 estquod
782 3807 889 3852 eventus
899 3801 1036 3866 admonuit,
1056 3803 1161 3868 quodam
1174 3811 1294 3869 temporo,

153 3883 209 3934 dum
227 3897 269 3932 aro
288 3882 314 3930 iu
330 3881 462 3945 'Capitolio
481 3881 521 3931 dia
540 3883 694 3945 competenti
712 3888 879 3945 tractaretur,
897 3899 962 3934 unus
981 3899 994 3932 o
1013 3884 1163 3934 florentibus
1182 3885 1293 3950 discipu-

153 3964 186 4014 lis
206 3961 309 4014 loannes
327 3976 343 4012 a
360 3961 525 4025 grammatico
554 3963 630 4012 venia
649 3963 778 4028 postulata
806 3964 940 4014 intendens
963 3965 988 4014 in
1013 3965 1120 4016 alterum
1146 3964 1293 4018 sciscitatus

153 4050 210 4094 est.
225 4079 231 4092 .
245 4043 282 4092 .“.
319 4043 439 4108 Capitolii
459 4043 648 4108 porromantio
667 4050 707 4094 est
731 4045 785 4094 cod.
805 4043 864 4095 lust.
884 4043 940 4096 Vlll
960 4048 991 4098 10
1015 4045 1045 4094 de
1065 4045 1188 4095 aediliciis
1208 4046 1293 4110 priva·

152 4124 186 4174 tis
205 4122 289 4188 (Corp.
308 4123 330 4172 ll
346 4140 370 4188 p.
381 4123 454 4188 336):
472 4119 552 4191 Πρὸς
568 4115 674 4181 τούτοις
691 4120 937 4192 παρακελευόμεθα
954 4123 1050 4191 μηδενί
1068 4121 1166 4182 ἐξεῖναι
1178 4122 1294 4183 πολλοὺς

152 4203 246 4272 ἐφεξῆς
262 4199 357 4260 κιόνας
373 4204 403 4257 ἐν
419 4208 477 4262 ταῖς
494 4204 639 4270 δημοσίαις
657 4210 750 4262 στοαῖς
768 4210 826 4264 ταῖς
849 4201 905 4256 ἀπὸ
928 4206 977 4256 τοῦ
999 4207 1169 4274 καλουμένου
1186 4207 1294 4258 Mallon

154 4279 217 4352 ἄχρι
238 4282 286 4334 τοῦ
312 4287 490 4336 Καπετωλίου
517 4279 707 4356 ἀπορράπτειν
730 4277 876 4356 οἰκήμασιν
898 4285 927 4338 ἐκ
953 4285 1077 4340 σανίδων
1092 4284 1186 4354 μόνων
1209 4280 1225 4354 ἢ
1249 4289 1294 4339 καί

153 4361 235 4422 ἄλλως
251 4363 281 4416 ἐν
297 4365 373 4433 μέσῳ
389 4365 444 4418 τῶν
461 4355 560 4420 κιόνων
577 4367 860 4433 κατασκευαζομένοις.
895 4367 1007 4420 Prolatis
1026 4369 1106 4431 igitur
1119 4370 1159 4422 his
1179 4371 1294 4421 testimo·
