3086 5110
739 375 957 440 ...34-

276 575 363 636 quam
393 555 527 636 pluribus
558 554 745 632 magnatibus
773 554 897 616 civitatis
927 555 1093 634 praedictae
1122 560 1152 614 el
1178 553 1249 632 ipsis
1277 553 1449 616 militibus

274 655 427 716 absconsis
440 662 469 715 et
484 654 559 713 olam
577 653 672 714 missis
688 653 718 714 in
734 653 832 732 ipsum
846 653 1032 732 Capitolium,
1047 659 1206 732 antequam
1223 651 1451 729 divulgaretur

274 771 328 832 por
350 753 511 821 civitatem,
534 749 588 812 xx
610 751 687 812 milia
703 751 858 812 hominurn
883 750 1026 812 nobilium
1049 751 1143 812 dietae
1157 750 1282 810 civitatis
1305 750 1388 812 iecit
1406 752 1447 812 in

274 852 352 912 dicto
376 850 518 930 Capitolio
541 849 677 910 decollari
701 858 731 910 et
754 851 785 910 in
807 851 903 929 ipsam
926 869 1034 929 aquarn
1057 867 1132 930 qnae
1155 848 1293 910 currebat
1316 850 1445 920 subtus

273 950 370 1028 ipsum
387 948 693 1029 Capitolinmproiioi.
735 949 771 1010 Et
792 966 854 1008 non
876 949 932 1010 luit
954 949 1038 1010 aliter
1060 949 1210 1028 cognitum
1227 948 1285 1009 nisi
1303 949 1444 1027 quando

273 1068 348 1130 aqua
371 1049 440 1110 dicti
463 1047 596 1110 fluminis
625 1047 721 1127 coepit
746 1047 906 1108 rubescere
933 1067 987 1126 pro
1016 1048 1159 1126 sanguine
1186 1046 1441 1108 interfectorum.

274 1148 310 1210 Et
339 1155 471 1208 armatus
501 1148 564 1226 ipse
592 1165 644 1207 rex
670 1154 699 1206 et
729 1145 774 1208 sui
804 1145 914 1207 milites
946 1145 1100 1208 exiverunt
1133 1153 1214 1207 extra
1242 1145 1440 1224 Capitolium

272 1245 416 1325 capiendo
433 1245 571 1306 homines
594 1253 622 1306 et
644 1244 879 1306 interficiendo.“
913 1244 1048 1306 Primum
1065 1245 1247 1306 monendum
1263 1254 1321 1314 est,
1346 1247 1440 1306 lama

272 1345 383 1422 vulgari
397 1345 523 1406 Totilam
541 1364 608 1406 cum
625 1345 722 1421 Attila,
746 1363 835 1424 quem
849 1363 1002 1424 nunqnam
1019 1345 1050 1408 iu
1063 1345 1209 1406 Etruriam
1227 1344 1348 1406 vonisse
1371 1365 1440 1406 no-

271 1451 336 1506 tum
350 1453 405 1515 est,
423 1444 530 1506 mirum
544 1451 688 1523 quantum
702 1447 859 1505 contusum
873 1461 948 1504 esse.
980 1443 1091 1506 Deinde
1104 1463 1164 1504 non
1180 1451 1260 1505 reete
1276 1463 1307 1504 se
1326 1445 1439 1517 habet,

209 1527 211 1531 ’
272 1543 351 1622 quod
375 1542 468 1604 Totila
491 1543 597 1604 urhent
619 1542 682 1603 solo
705 1561 847 1622 aequasse
870 1541 992 1616 dicitur;
1019 1541 1067 1603 ille
1096 1542 1175 1603 enim
1199 1559 1279 1603 anno
1301 1561 1334 1621 p.
1357 1543 1438 1603 Chr.

272 1641 334 1702 542
358 1659 418 1702 non
442 1641 504 1722 ipse
527 1640 631 1702 urbem
654 1640 770 1701 obsedit
792 1641 844 1702 sed
867 1648 928 1702 tres
952 1641 1033 1702 misit
1048 1642 1165 1720 legatos,
1189 1641 1323 1722 quicum
1344 1641 1437 1702 illam

271 1758 377 1820 capiere
399 1758 461 1800 non
485 1749 606 1820 possent
636 1759 668 1800 re
696 1739 804 1800 inlecta
828 1741 1030 1818 oppugnando
1054 1740 1241 1802 destiterunt.
1287 1740 1438 1820 [lenique

271 1839 406 1918 Capitolii
422 1839 607 1910 vocabulum,
631 1839 710 1918 quod
735 1845 832 1899 tantas
856 1838 887 1898 in
911 1838 958 1900 illa
979 1839 1124 1900 relatione
1141 1839 1200 1918 agit
1214 1845 1323 1918 partes
1350 1839 1436 1901 falso

271 1938 428 2002 adhibetur
450 1957 504 2018 pro
527 1938 646 2000 castello
662 1938 723 1998 sive
740 1938 857 2016 palatio.
892 1937 989 1998 Nihilo
1005 1946 1105 2002 autem
1123 1939 1224 2001 minus
1240 1957 1306 1998 eam
1322 1937 1434 2000 fabula

271 2037 329 2100 vim
354 2036 453 2110 habet,
476 2045 510 2100 ut
531 2055 634 2098 vocem
658 2036 793 2116 Capitolii
815 2037 914 2115 lingua
931 2037 1041 2114 vulgari
1057 2037 1185 2116 viguisse
1208 2055 1263 2097 nos
1287 2037 1430 2100 edoceat.

355 2135 587 2216 Antiquissimus
600 2153 690 2215 quem
706 2135 843 2196 novimus
859 2153 958 2196 rerum
975 2135 1213 2198 Florentinarum
1231 2135 1366 2214 scriptor
1381 2145 1425 2196 est

271 2238 464 2308 Sanzanome‚
488 2235 538 2314 qui
552 2236 678 2296 fortasse
693 2253 770 2296 unus
794 2255 828 2295 ex
846 2235 912 2296 viris
929 2235 1063 2297 eiusdem
1079 2235 1210 2296 nominis
1226 2234 1299 2296 iuris
1316 2236 1425 2314 peritis

269 2336 338 2410 luit,
369 2335 420 2416 qui
448 2333 533 2396 initio
561 2333 669 2396 saeculi
691 2333 758 2394 Xlll
780 2334 948 2396 Florentiae
971 2335 1125 2396 florebant.
1172 2335 1295 2414 Scripsit
1319 2344 1425 2396 autern

269 2453 336 2496 curn
353 2439 491 2496 mortuus
507 2432 547 2494 sit
561 2440 629 2494 ante
644 2450 756 2494 annum
775 2433 868 2502 1266,
892 2441 972 2496 certe
987 2451 1050 2496 non
1066 2442 1133 2514 post
1149 2453 1172 2495 a.
1193 2433 1282 2494 1253.
1328 2435 1425 2497 Cuius

268 2535 380 2598 Gesta
403 2532 714 2593 Florentinorum
737 2551 833 2612 usque
854 2534 891 2594 ad
912 2552 1025 2595 annum
1052 2533 1130 2596 1231
1157 2533 1307 2613 pertinent
1331 2543 1426 2615 atque

267 2635 298 2696 in
314 2632 412 2694 medio
429 2630 585 2692 enuntiato
601 2630 862 2710 interrumpuntur
870 2631 930 2712 111).
961 2631 1016 2706 Qui
1033 2651 1101 2694 cnm
1117 2641 1199 2710 gesta
1215 2643 1424 2711 componeret,

268 2733 295 2794 ei
316 2733 365 2794 illa
387 2729 527 2793 chronica
550 2729 674 2792 civitatis
704 2730 771 2790 usui
800 2730 891 2792 luisse
914 2751 981 2793 cum
1011 2751 1045 2792 ex
1069 2732 1130 2793 aliis
1159 2733 1255 2793 causis
1282 2739 1349 2792 tum
1375 2734 1424 2794 vel

268 2831 394 2896 manime
409 2830 479 2892 inde
502 2837 622 2910 apparet
644 2831 724 2910 quod
742 2829 777 2891 de
794 2829 934 2909 Capitolio
958 2831 1062 2892 eadem
1085 2832 1147 2892 fere
1162 2831 1249 2892 verba
1272 2831 1421 2913 laeit¹²⁵).

267 2934 345 2996 Sunt
359 2938 461 2992 autem
475 2930 562 2992 haec:
594 2929 727 3001 „Dicitur
749 2928 873 3011 insuper
895 2931 974 3010 quod
999 2949 1014 2992 a
1037 2931 1132 2992 Totila
1155 2931 1268 3009 llagello
1291 2929 1339 2990 dei
1362 2933 1423 2992 luit

265 3043 368 3112 postea
392 3035 540 3096 destructa
563 3033 714 3095 Florentia
737 3041 768 3094 et
790 3032 966 3094 melioribus
995 3035 1124 3113 auguriis
1152 3033 1340 3094 rehedihcata
1365 3053 1422 3114 per

266 3153 415 3214 proceres,
438 3153 506 3195 cum
531 3153 566 3196 ex
589 3141 675 3213 pacto
699 3133 840 3194 intrasset
863 3134 988 3194 eandem
1010 3134 1105 3194 multo
1128 3143 1263 3212 tempore
1286 3133 1346 3193 iarn
1364 3135 1420 3194 ob-

266 3249 378 3294 sessam
401 3231 511 3293 necatis
534 3230 686 3292 nobilibus
708 3231 741 3291 in
763 3231 871 3310 palatio
896 3232 974 3310 qood
991 3232 1144 3292 dicebatur
1159 3241 1189 3292 et
1204 3231 1291 3291 hodie
1307 3231 1419 3293 dicitur

266 3331 453 3414 Capitolium,
477 3340 506 3394 et
528 3331 639 3392 ibidem
662 3329 802 3392 omnibus
824 3330 986 3392 interfectis
1010 3338 1040 3390 et
1062 3329 1185 3409 singulis
1207 3347 1312 3390 necem
1327 3329 1416 3408 igno-

264 3431 399 3494 rantibus
415 3433 614 3492 ceterorum.“
638 3429 698 3491 Neo
713 3447 782 3490 voro
798 3427 917 3490 silentio
933 3429 1146 3508 praetereunda
1164 3428 1279 3488 videtur
1295 3428 1416 3490 loannis

264 3530 386 3592 Villanei
408 3529 532 3591 historia
555 3529 738 3602 Florentina,
762 3546 837 3607 quae
860 3536 1005 3608 quantuni
1030 3527 1210 3588 auctoritatis
1234 3529 1312 3606 apud
1336 3527 1414 3589 viros
1512 3551 1513 3562 2

265 3637 386 3691 nostrae
409 3629 518 3691 aetatis
547 3628 650 3690 doctos
680 3627 787 3688 haheat
816 3626 886 3687 salis
914 3636 1020 3688 notum
1050 3633 1102 3688 est.
1160 3625 1218 3698 Qui
1255 3643 1324 3685 cum
1356 3627 1412 3686 suh

264 3746 379 3790 annum
397 3727 477 3790 1300
501 3746 548 3790 res
564 3726 804 3788 Florentinornm
821 3725 950 3786 scribere
974 3726 1004 3788 in
1028 3725 1160 3787 animum
1182 3723 1356 3796 induxisset,
1380 3745 1412 3786 ea
1512 3775 1513 3784 ,

264 3847 340 3908 quae
363 3828 400 3888 de
421 3827 458 3888 iis
481 3834 551 3888 ante
574 3843 685 3888 annum
705 3825 785 3888 1300
808 3825 899 3904 gestis
923 3833 993 3888 nota
1017 3834 1102 3886 erant
1124 3823 1282 3890 maximam
1298 3831 1412 3902 partem
1512 3887 1513 3890 ,

264 3947 300 3988 ex
327 3926 478 3988 chronicis
503 3935 534 3987 et
560 3926 652 4004 gestis
676 3925 917 3986 Florentinorum
948 3925 1148 4004 deprompsit,
1179 3941 1237 4003 quo
1265 3923 1298 3982 lit
1320 3931 1354 3983 ut
1376 3924 1411 3986 de

264 4025 408 4106 Capitolio
432 4024 506 4086 nihil
528 4026 589 4086 lere
616 4024 686 4085 novi
713 4021 749 4084 ab
778 4042 813 4084 eo
842 4021 1131 4102 comperiamus¹²⁶h
1177 4021 1318 4100 Sequitur
1340 4021 1411 4082 liber

263 4137 477 4148 4——

332 4182 374 4244 111)
393 4179 425 4231 oi.
444 4179 709 4232 Schell‘er-lioichorst
726 4180 744 4230 l.
765 4197 788 4232 c.
806 4195 829 4246 p.
850 4179 908 4231 251.

332 4264 375 4328 ¹²⁶)
394 4262 427 4314 ci.
446 4263 567 4327 llortwig.
588 4263 604 4312 l.
624 4280 646 4313 c.
666 4277 687 4328 p.
703 4263 726 4313 1.
943 4295 945 4302 1

334 4347 377 4410 111)
394 4345 465 4396 llicit
482 4346 548 4396 enim
561 4345 605 4395 lib.
618 4344 629 4395 l
642 4362 663 4396 e.
677 4344 709 4395 38
729 4345 803 4411 (apud
818 4343 988 4394 Muratoriun
1001 4341 1059 4392 lter.
1073 4339 1130 4391 ltal.
1143 4339 1232 4406 script.
1246 4345 1306 4390 tom.
1319 4337 1406 4404 Xlll.):

262 4427 389 4496 „Marzio‚
407 4428 430 4478 l’
447 4429 516 4479 altro
529 4428 638 4491 Signore
651 4425 771 4490 Romano,
790 4425 846 4477 leco
862 4423 918 4476 fare
936 4425 956 4476 il
970 4423 1143 4490 campidoglio
1161 4421 1187 4473 al
1198 4421 1308 4478 medodi
1322 4419 1404 4488 Roma,
