3114 5110
676 317 896 379 -ιι-
1001 279 1095 408 γ’

214 493 316 574 Neque
352 493 440 573 igitur
476 493 582 570 dignus
616 501 662 554 est
698 493 748 574 qui
782 493 894 554 nostris
931 491 1117 572 temporibus
1152 491 1237 554 testis
1271 499 1363 572 atquc

214 599 316 655 auctor
331 592 522 666 adhibeatur;
545 599 645 652 tamen
661 591 686 653 si
702 610 759 671 qua
774 591 807 652 in
823 610 858 652 eo
879 591 942 654 laus
958 599 1013 663 est,
1030 609 1062 652 ea
1078 599 1134 664 est,
1150 591 1231 671 quod
1246 591 1363 670 primus

217 690 426 770 quaestionem
443 689 546 751 movit.
590 689 682 750 lllulto
704 690 811 751 molior
832 689 1046 770 expolitiorque
1066 697 1113 750 est
1135 708 1168 752 ea
1184 689 1363 760 dissertatio,

216 808 305 869 qoam
329 789 436 850 Castan
458 806 537 850 auno
563 787 644 850 1869
668 789 703 850 de
726 789 874 868 Capitoliis
897 790 1093 868 conscriptam
1122 788 1194 850 actis
1216 787 1363 850 archaeol.

215 889 351 948 dcadem.
370 886 518 949 sorbonn.
534 886 717 963 inse1·uit¹⁹).
764 886 893 966 Optime,
916 906 955 947 ne
970 887 1075 966 longus
1090 886 1145 947 sim
1158 887 1190 947 in
1206 886 1364 958 laudando,

215 987 264 1048 ille
286 987 331 1048 vir
356 987 462 1049 doctus
486 987 662 1066 Capitolium
686 986 765 1065 quod
789 985 846 1048 fuit
862 985 1043 1048 vesontione
1058 986 1264 1064 pertractavit3
1286 993 1317 1045 at
1330 984 1363 1046 in

215 1087 323 1148 ceteris
339 1085 429 1148 rebus
445 1094 504 1148 tam
523 1085 613 1148 multa
630 1085 757 1164 neglexit
774 1103 829 1146 nec
840 1103 908 1146 raro
925 1085 1039 1153 erravit,
1063 1091 1097 1144 ut
1112 1083 1197 1146 nobis
1213 1084 1365 1164 quaestio·

215 1204 284 1246 nem
320 1185 429 1246 iterum
465 1185 545 1246 adire
579 1201 641 1245 non
677 1202 929 1263 supervacaneum
957 1181 1165 1258 videreturwt.
1221 1182 1365 1262 Sequitur

215 1283 359 1364 Saglionis
392 1292 534 1346 tractatus
558 1283 588 1344 in
617 1283 760 1344 thesauro
783 1282 952 1363 antiquitat.
976 1282 1077 1343 Graec.
1101 1290 1131 1342 et
1153 1281 1238 1342 Rom.
1262 1282 1318 1342 vol.
1334 1281 1362 1341 ll

215 1383 285 1443 iaso.
304 1383 340 1444 Vl
363 1402 386 1444 s.
411 1403 438 1443 v.
482 1382 540 1454 Qui
571 1402 640 1444 oum
669 1402 786 1444 summa
817 1381 968 1460 diligentia
992 1391 1025 1442 ut
1054 1380 1122 1442 alibi
1153 1380 1198 1442 sio
1219 1381 1277 1442 hoc
1298 1381 1364 1442 loco

218 1499 424 1561 quaecumque
447 1481 522 1542 scitu
539 1481 627 1559 digna
651 1482 822 1543 viderentur
844 1489 1030 1559 congereret,
1052 1487 1153 1541 tamen
1178 1498 1252 1558 quae
1268 1479 1364 1540 Brau-

217 1580 283 1641 nius
317 1588 346 1640 et
381 1580 490 1641 Castan
512 1580 702 1659 profecerant
724 1580 764 1643 ita
788 1579 1000 1659 conglutinavit
1023 1597 1151 1659 veraque
1173 1578 1255 1639 falsis
1279 1597 1363 1639 oom-

215 1679 350 1752 misouit‚
384 1687 418 1739 ut
456 1687 560 1740 nostro
595 1680 661 1740 iure
689 1699 757 1741 eum
793 1680 942 1759 negligere
975 1678 1134 1758 possimus.
1191 1678 1240 1739 Sic
1274 1677 1364 1756 igitur

217 1795 264 1838 res
286 1796 319 1839 se
343 1777 441 1850 habet,
464 1796 532 1838 cum
555 1795 610 1838 nos
633 1779 840 1858 quaestionem
865 1777 1033 1858 aggressuri
1056 1795 1171 1838 sumus.
1209 1775 1363 1838 Materiam

218 1885 318 1938 autem
340 1876 384 1937 sic
411 1875 583 1950 divisimus,
615 1885 649 1938 nt
677 1878 807 1957 primum
830 1895 984 1956 ageremus
1011 1876 1047 1936 de
1075 1873 1224 1954 Capitoliis
1251 1874 1362 1943 ltaliae,

215 1975 322 2037 deinde
344 1975 504 2054 Hispaniae
526 1983 556 2036 et
577 1976 703 2048 Africae,
726 1986 790 2039 tum
806 1977 945 2039 Graeciae
961 1974 1101 2037 Thraciae
1116 1973 1211 2046 Asiae,
1235 1972 1364 2053 denique

216 2074 322 2136 Calliae
345 2083 376 2136 et
398 2074 581 2138 Germaniae.

350 2335 410 2417 ΙΙ.
452 2335 514 2418 lle
544 2331 777 2436 capitoliis
804 2332 988 2434 imperii
1015 2331 1221 2416 Romani.

692 2553 719 2615 1.
755 2548 879 2615 teatio.
951 2510 956 2520 ¹

731 2666 850 2786 (iopila.

305 2846 458 2910 Tiberium
490 2865 557 2910 eum
587 2866 666 2910 anno
688 2867 716 2930 p.
740 2849 807 2911 Chr.
831 2847 872 2910 26
900 2847 993 2910 Roma
1026 2847 1207 2911 discessurus
1237 2847 1362 2928 Capreas

217 2965 250 3008 sc
274 2947 422 3008 conferret
444 2965 562 3008 causam
586 2949 777 3026 profectionis
805 2949 920 3027 Capuae
947 2948 1122 3027 Capitolium
1150 2967 1182 3010 se
1211 2948 1362 3010 dedicatu-

217 3063 284 3106 rum
315 3045 530 3124 interposuisse
558 3046 718 3107 Suetonius
744 3046 889 3121 refcrt²¹).
934 3047 1016 3108 ldem
1039 3047 1158 3107 Tacitus
1188 3047 1224 3108 de
1252 3045 1361 3107 Tiberii

217 3144 401 3222 proiectione
424 3143 509 3203 verba
536 3143 667 3204 facturus
691 3145 961 3222 commemoratfl).
1006 3146 1086 3206 luter
1108 3163 1159 3219 ea,
1186 3164 1262 3225 quae
1285 3160 1358 3206 anno

218 3379 281 3430 adeo
301 3395 350 3429 nco
369 3377 400 3429 ad
419 3393 473 3428 rem
491 3376 635 3443 pertinent,
661 3385 690 3430 nt
712 3395 759 3446 pro
777 3381 885 3432 saburra
903 3382 934 3431 ad
957 3395 1088 3433 numerum
1105 3379 1252 3448 paginarum
1270 3395 1364 3444 augen-

218 3461 276 3510 dum
295 3460 432 3511 videantur
453 3474 517 3510 esse.

287 3542 319 3604 ¹⁹)
339 3541 383 3592 Sic
402 3542 468 3592 enim
486 3543 651 3594 inscribitur:
670 3542 705 3594 Le
724 3543 842 3611 Capitole
864 3545 894 3596 de
913 3545 1036 3598 Vesontio
1055 3552 1082 3596 et
1099 3547 1138 3596 les
1158 3545 1288 3611 Capitolcs
1304 3559 1364 3610 pro·

217 3623 342 3676 vineiaux
359 3624 392 3674 du
410 3626 500 3674 monde
518 3625 625 3676 romain.
724 3653 726 3659 ι

286 3705 318 3766 ²⁰)
344 3704 495 3772 Quamquam
523 3709 589 3758 euim
618 3707 800 3775 inscriptiones
828 3709 958 3774 respexit,
989 3716 1073 3760 tamen
1100 3707 1212 3760 Graecas
1241 3707 1365 3771 neglexit,

218 3786 324 3838 Renieri
351 3803 442 3854 corpus
466 3789 660 3856 inscriptionum
686 3789 768 3842 Afric.
787 3807 835 3841 nou
858 3792 912 3857 ipse
937 3791 1062 3857 perlegit,
1089 3808 1136 3858 quo
1160 3789 1254 3843 fectum
1277 3796 1318 3841 est
1337 3795 1366 3839 ut

220 3869 405 3935 Capitoliorum
425 3869 529 3922 Airieac
548 3880 574 3922 et
591 3871 671 3922 Asiae
690 3873 812 3923 nonnulla
831 3874 945 3940 exempla
966 3873 1103 3924 omitteret.

287 3948 320 4012 ²¹)
338 3949 562 4004 viredinem:
585 3953 726 4016 Peragrata
743 3953 886 4020 Campania,
905 3969 961 4004 cum
980 3954 1079 4020 Capuae
1097 3953 1260 4021 Capitolium,
1285 3952 1366 4005 Nolae

217 4031 339 4097 templum
352 4029 471 4096 Augusti,
490 4049 562 4099 qnam
581 4050 683 4086 eausam
694 4033 864 4102 profectionis
875 4038 1065 4103 praetenderat,
1083 4037 1236 4101 dedicasset,
1254 4037 1366 4103 Capreas

220 4129 248 4164 se
266 4112 384 4164 contulit.

287 4193 318 4260 ²¹)
336 4195 428 4247 Annal.
440 4196 485 4249 lib.
501 4195 543 4264 tv,
562 4215 583 4250 e.
597 4199 643 4250 d'l:
661 4198 806 4266 Interquse
819 4200 861 4250 diu
879 4199 1002 4252 meditato
1020 4200 1171 4266 prolatoque
1188 4201 1289 4268 saepius
1307 4215 1368 4251 eon·

219 4277 281 4328 silio
304 4278 405 4330 taudem
423 4279 519 4331 Caesar
541 4280 567 4331 in
590 4281 763 4348 Campaniam,
790 4283 874 4350 speeie
898 4283 1031 4334 dedicandi
1054 4284 1147 4348 templa
1170 4284 1235 4350 apud
1257 4281 1368 4349 Capuam

220 4359 290 4427 lovi,
308 4361 374 4428 apud
390 4357 484 4415 Nolam
503 4364 620 4428 ,ingemo
639 4366 683 4416 sed
702 4371 789 4416 certus
806 4366 895 4433 procul
913 4367 975 4417 urbe
993 4365 1094 4432 degere.
