3086 5110
724 278 946 342 ..38-

762 547 898 604 Verona.

344 656 425 718 intra
447 671 541 716 annos
563 672 593 734 p.
609 653 676 716 Chr.
694 652 755 714 379
779 661 810 714 et
832 651 893 716 383
917 653 976 716 Vat.
999 652 1143 714 Palladius
1166 652 1327 716 consularis
1354 655 1429 716 Ve-

259 757 356 820 netiae
380 763 408 816 et
431 753 559 817 Histriae
584 760 713 814 statuam
737 771 811 832 quae
841 753 889 816 diu
918 752 950 814 in
980 751 1122 832 Capitolio
1151 752 1280 814 iacuerat
1307 752 1340 814 iu
1365 753 1428 814 io-

259 873 326 918 rum
344 853 498 916 transferri
514 851 674 926 iussit¹⁴⁰p
718 851 849 914 Malleius
873 851 903 912 in
920 851 1000 912 tituli
1015 859 1186 914 commento
1204 868 1313 912 nomeu
1329 851 1427 912 affir-

262 961 325 1017 mat
341 954 475 1034 Capitolii
491 953 579 1016 etiam
597 969 678 1014 nunc
693 953 852 1014 memorari
867 952 898 1012 ia
915 952 1119 1030 „dlaruagaiaa
1135 951 1257 1014 Antonii
1273 951 1426 1030 scaligeri

259 1053 470 1134 praeceptoris,
499 1051 613 1114 inedito
648 1050 721 1112 libro
754 1051 790 1112 de
821 1051 972 1114 modernis
996 1051 1085 1128 gestis
1112 1051 1148 1112 ad
1179 1050 1282 1112 Valerii
1312 1050 1422 1112 imita-

260 1153 373 1216 tionem
397 1151 597 1231 composito.“
641 1150 723 1212 Idem
747 1150 829 1214 addit
850 1158 988 1222 statuam,
1011 1169 1085 1230 quoe
1106 1150 1137 1210 in
1159 1150 1233 1214 colle
1256 1150 1307 1230 qui
1331 1168 1424 1210 nunc

260 1253 374 1314 dicatur
397 1251 427 1312 S.
451 1249 532 1312 Petri
565 1266 615 1310 arx
639 1249 689 1310 diu
713 1248 844 1322 iacuerit,
877 1268 971 1328 usque
999 1250 1033 1310 ed
1063 1251 1143 1312 bunc
1170 1250 1248 1310 diem
1277 1252 1420 1312 Veronae

260 1350 457 1433 spectari¹⁴¹).
501 1348 577 1410 Ecce
600 1348 691 1424 igitur
713 1349 839 1410 alterum
861 1349 1047 1427 exemplum,
1075 1350 1154 1410 sicut
1181 1348 1293 1412 Romae
1321 1349 1419 1412 etiam

259 1453 292 1514 in
317 1447 477 1530 provinciis
501 1455 614 1528 statuas
638 1446 785 1510 clarorum
809 1447 940 1526 virorum
971 1447 1000 1508 in
1030 1449 1173 1528 Capitolio
1192 1448 1275 1528 ¹poni
1305 1449 1417 1510 solere.

261 1548 478 1614 Celeberrimos
501 1553 601 1608 autem
625 1546 677 1626 qui
699 1546 809 1608 dicitur
836 1547 892 1608 tori
923 1548 1006 1610 locus
1034 1548 1112 1610 baud
1141 1547 1229 1610 dubie
1257 1555 1303 1608 est
1331 1547 1420 1610 iuxta

260 1647 391 1712 tribunal
429 1653 459 1706 et
496 1653 610 1718 rostra,
651 1644 700 1706 ubi
734 1646 966 1708 clarissimorum
1005 1647 1136 1708 virorum
1176 1655 1292 1708 statuae
1331 1647 1419 1710 vise-

260 1744 443 1830 banturm).
466 1779 508 1788 -
531 1743 671 1830 {legionis
695 1744 826 1808 decimae
848 1746 956 1826 oppida
979 1765 1004 1808 a.
1028 1766 1057 1808 u.
1080 1766 1104 1822 c.
1128 1745 1190 1808 665
1213 1746 1358 1808 Cremona
1384 1756 1420 1808 et

263 1903 475 1915 m

328 2005 373 2068 ¹⁴⁰)
392 2005 418 2056 C.
433 2002 451 2055 l.
464 2001 493 2054 L.
507 2001 530 2055 V
544 2001 610 2052 ³332
630 2004 674 2063 (=
687 2001 731 2053 Or.
750 2019 773 2052 a.
787 2003 820 2053 68
838 2025 872 2043 =
890 2001 958 2053 Moe.
977 2003 1042 2054 Mus.
1061 2005 1122 2058 Ver.
1141 2021 1165 2072 p.
1187 2005 1256 2066 tort:
1284 2003 1415 2056 Hortante

260 2087 423 2140 Beatitudioe
438 2085 453 2154 Ι
476 2093 617 2152 temporum
648 2085 704 2136 ddd.
736 2101 795 2134 aaa.
820 2084 824 2149 Ι
849 2083 968 2136 Gratiani
996 2085 1174 2138 Valentiniani
1199 2085 1204 2150 Ι
1228 2093 1254 2136 et
1280 2086 1414 2138 Theodosi

260 2171 358 2235 Aegas.
383 2169 388 2235 Ι
412 2176 521 2220 statuam
540 2168 567 2218 ia
586 2168 713 2232 Capitolio
739 2165 743 2234 Ι
768 2167 813 2218 diu
835 2166 960 2218 iacentem
985 2168 1008 2218 ia
1034 2167 1037 2232 Ι
1062 2167 1233 2220 cereberrinm
1255 2167 1307 2220 lori
1327 2167 1331 2232 Ι
1351 2169 1411 2218 loeo

261 2251 386 2304 constitui
402 2249 406 2316 Ι
422 2251 499 2302 iussit
520 2249 577 2302 Val.
603 2248 735 2300 Palladius
751 2249 755 2314 Ι
771 2267 796 2301 v.
821 2265 842 2298 c.
866 2265 935 2302 cons.
960 2249 1052 2301 Venet.
1076 2257 1103 2300 et
1120 2250 1186 2300 Hist.
1206 2277 1239 2286 -—
1258 2250 1296 2300 At
1314 2250 1411 2302 cultum

261 2335 365 2385 deorum
383 2331 586 2398 Capitoliaorum
605 2332 802 2382 confirmandam
814 2340 917 2398 praeter
934 2331 1026 2382 titulos
1044 2331 1101 2382 lovi
1119 2348 1141 2382 o.
1161 2348 1192 2383 m.
1211 2333 1260 2384 soli
1278 2333 1409 2386 dedicatos

260 2414 360 2467 accedit
378 2413 472 2464 titulos
492 2413 517 2463 C.
532 2411 551 2464 l.
564 2411 593 2463 L.
608 2411 629 2463 V
644 2413 718 2478 3242,
744 2430 792 2478 quo
811 2420 865 2464 tres
890 2413 932 2463 dei
951 2422 1184 2465 commemorantur.
1266 2413 1268 2416 ’

330 2511 373 2574 ¹⁴¹)
393 2509 487 2560 Eodem
506 2509 615 2574 respicit
633 2507 790 2575 Polycarpus
810 2508 944 2572 Paternus,
963 2509 1005 2575 qui
1023 2509 1053 2559 dc
1074 2525 1136 2562 vera
1155 2510 1180 2560 C.
1200 2507 1281 2560 Plinii
1299 2511 1409 2562 Secundi

262 2595 346 2662 patria
365 2599 441 2658 atque
461 2607 489 2640 ea
509 2589 612 2642 Verona
630 2589 724 2640 libram
743 2591 849 2656 scripsit
867 2589 916 2656 (ap.
936 2589 1075 2642 Graeciam
1094 2589 1169 2642 Thes.
1188 2591 1283 2658 antiqq.
1303 2599 1330 2641 et
1347 2592 1407 2642 bist.

259 2676 317 2726 Ital.
338 2683 397 2726 tom.
410 2671 502 2722 XXIX
519 2671 600 2735 552).
635 2672 705 2722 Dicit
722 2673 801 2722 caim:
820 2671 982 2737 Capitolii
1000 2689 1099 2738 porro
1118 2675 1225 2724 nostri
1239 2674 1316 2724 talis
1329 2673 1408 2740 apud

260 2774 316 2808 nos
335 2754 515 2820 inscriptio
534 2755 634 2804 adhuc
652 2753 779 2804 visitur
802 2769 899 2820 eaque
917 2755 948 2804 in
966 2755 1036 2820 ipso
1054 2755 1171 2806 maiori
1189 2754 1273 2822 loro,
1297 2772 1358 2806 noa
1376 2755 1407 2806 ia

260 2840 373 2906 aliquo
393 2836 537 2888 editiore
557 2836 757 2900 urbiniaco,
780 2835 834 2888 ubi
860 2836 934 2888 olim
954 2836 1119 2904 Capitolia
1142 2827 1407 2901 exstruebantur,

259 2911 397 2972 effossa.
436 2919 558 2972 Pluribus
571 2909 690 2970 Maccius
708 2919 772 2968 licet
787 2911 876 2969 'bonae'
887 2916 970 2982 frugis
989 2919 1054 2969 nihil
1067 2919 1207 2970 contulerit
1224 2920 1366 2986 disputavit
1377 2921 1408 2971 de

260 3005 389 3070 Capitolio
407 3004 476 3054 libro
496 3018 567 3069 quem
586 2999 616 3050 de
635 3003 738 3054 Verona
757 3001 888 3051 illustrata
907 3015 930 3051 a.
951 3000 1015 3050 1732
1034 3001 1153 3053 Veronae
1167 3001 1253 3052 emisit
1271 3018 1294 3067 p.
1311 3000 1407 3066 23dsq.

328 3098 372 3161 ¹⁴²)
391 3096 423 3148 ci.
443 3099 484 3148 tit.
504 3095 646 3147 Alexandr.
666 3096 692 3146 C.
708 3094 850 3158 l.L.1111‚
866 3095 896 3144 19
915 3103 942 3146 et
960 3093 1078 3146 Rusicad.
1098 3111 1137 3162 ap.
1157 3093 1260 3146 lienier.
1276 3104 1313 3148 a0.
1328 3096 1407 3159 21693

260 3179 320 3232 vide
340 3179 440 3228 omnino
454 3177 488 3226 Ἠ.
506 3175 606 3226 lordao.
627 3175 722 3240 ephem.
743 3176 822 3242 epigr.
846 3173 948 3226 roilli
973 3192 997 3241 p.
1012 3175 1074 3227 255:
1103 3191 1138 3226 ac
1161 3177 1405 3243 municipiorum

260 3261 384 3327 quidem
403 3258 670 3321 coloniarumque
698 3258 727 3307 ia
752 3257 955 3308 exornandis
983 3255 1063 3308 foris
1091 3273 1124 3308 ea
1148 3257 1212 3308 tuit
1235 3260 1404 3310 aemulatio

261 3342 363 3408 urbis,
387 3341 444 3390 vix
462 3347 498 3390 ut
516 3339 616 3391 ullum
635 3355 740 3390 eornm
759 3339 886 3390 rostris
904 3339 1174 3390 tribunalibusve
1192 3341 1229 3390 ad
1249 3342 1404 3407 exemplar

261 3431 442 3474 rostrorum
460 3421 528 3474 lori
547 3422 681 3474 Romani
699 3421 801 3473 lactis
825 3423 975 3473 caruisse
999 3423 1164 3474 videatur.
1198 3421 1285 3489 ltaque
1304 3423 1405 3490 Nipper-

261 3507 327 3568 deio,
349 3505 392 3570 qui
410 3505 496 3556 Taciti
514 3507 593 3557 verba
613 3508 682 3568 (aaa.
701 3503 735 3558 IV
755 3504 797 3570 67)
816 3505 971 3571 ultroque
996 3506 1212 3558 struebantur
1236 3506 1288 3571 qai
1307 3521 1404 3555 mone-

260 3595 336 3639 rent
353 3586 534 3654 perfugere
559 3587 595 3637 ad
614 3585 805 3640 Germaniae
829 3588 997 3640 exercitus
1024 3589 1077 3640 vel
1100 3589 1320 3640 celeberrimo
1341 3585 1402 3640 lori

229 3721 233 3728 ,
261 3666 406 3734 effigiem
425 3670 494 3721 divi
512 3669 655 3732 Augusti
674 3669 829 3735 amplecti
848 3669 927 3721 verbo
945 3677 1089 3737 tempore
1114 3673 1230 3738 suppleto
1255 3672 1403 3736 interpreta-

260 3761 304 3804 tur
322 3753 373 3804 sic:
394 3753 465 3817 „Zur
479 3751 540 3803 Zait
559 3766 598 3802 wo
617 3751 662 3802 das
680 3751 774 3804 Forum
793 3767 832 3804 am
851 3751 1030 3804 basachtestec
1050 3754 1114 3817 sei“‚
1132 3761 1161 3804 ut
1179 3753 1347 3806 assentiamur
1364 3755 1402 3803 ad·

261 3835 319 3888 duci
338 3851 387 3885 non
406 3849 548 3900 possumus.
583 3833 619 3884 At
638 3841 728 3885 contra
746 3835 818 3885 loco
844 3834 992 3900 supplentes
1014 3834 1066 3886 lori
1089 3837 1173 3887 locum
1195 3837 1302 3886 mediata
1325 3835 1401 3886 triba·

260 3917 315 3969 nali
334 3917 478 3981 rostrisque
498 3917 672 3982 conspicuum,
695 3917 737 3983 qui
761 3915 833 3981 quasi
857 3916 924 3967 artis
943 3918 1068 3969 vocabulo
1093 3918 1277 3969 celeberrimus
1300 3919 1402 3984 dicatur,

261 4014 319 4050 cum
338 3999 478 4062 insignium
495 3999 590 4050 statuis
608 3999 723 4050 virorum
741 3997 929 4050 refertissimus
947 4007 1026 4064 esset,
1044 4001 1239 4064 intelligendum
1252 4015 1309 4051 asse
1322 4015 1402 4052 cense-

260 4097 328 4144 mas3
348 4079 381 4131 ei.
400 4080 466 4133 Plio.
484 4083 508 4132 b.
528 4097 551 4132 n.
570 4080 720 4135 xxxiva
748 4089 885 4147 excepta
913 4083 1026 4134 deiude
1054 4099 1107 4134 res
1134 4090 1184 4134 est
1207 4099 1222 4133 a
1244 4091 1314 4135 toto
1337 4085 1400 4136 orbe

261 4170 422 4213 terraram
440 4164 671 4214 humanissima
690 4163 875 4214 ambitione.
913 4165 952 4214 Et
975 4165 1034 4216 iam
1059 4165 1192 4216 omnium
1214 4167 1401 4235 municipio·

215 4295 219 4302 ,
261 4259 326 4294 ram
345 4242 429 4295 loris
448 4252 572 4296 statuae
592 4251 811 4296 ornamentum
829 4260 902 4296 esse
921 4261 1070 4313 coepere,
1090 4249 1401 4316 prorogariqueme-

260 4326 364 4383 moria¹
386 4327 557 4390 bominum,
585 4335 616 4378 et
646 4328 789 4378 honores
821 4328 956 4392 legendi
988 4344 1067 4380 aevo
1097 4328 1225 4380 basibus
1249 4331 1400 4396 inscribi,
