3114 5110
286 611 348 671 Hoc
363 611 463 683 hahes,
485 611 578 671 lector
594 610 746 682 benevole,
770 609 931 689 specimen]
947 609 1173 682 dissertationis,
1190 626 1265 690 quae
1282 618 1344 673 tota

200 709 343 790 impressa
366 709 501 788 proxime
523 707 668 788 prostabit
690 708 817 769 Berolini
839 709 917 788 apud
942 708 1160 770 Weidmannos.

537 1591 540 1594 ¹
630 1499 911 1575 unusne.

244 1761 263 1820 Ι.
299 1759 419 1821 Cultum
451 1759 649 1838 Capitolinum
672 1759 782 1822 Graeco
811 1779 894 1822 more
921 1777 936 1820 a
964 1760 1132 1840 Tarquiniis
1160 1761 1270 1824 Romae
1296 1764 1344 1826 iu·

302 1858 438 1920 stitutum
463 1876 527 1918 esse
550 1859 708 1919 contendo.

231 1958 266 2018 ss.
301 1957 394 2019 Taciti
418 1957 504 2018 verba
529 1960 610 2034 (ann.
634 1957 670 2018 lv
686 1956 760 2039 pn:

346 2057 503 2134 „ultroque
515 2054 717 2127 struebantur,
730 2055 781 2134 qui
794 2063 952 2115 monerent
962 2053 1158 2133 perfugeread
1170 2055 1344 2118 Germaniae

343 2154 489 2214 exercitus
507 2153 550 2214 vel
567 2152 759 2214 celeberrimo
775 2153 831 2213 fori
843 2152 970 2231 effigiem
984 2151 1041 2212 divi
1053 2153 1174 2230 Augusti
1187 2155 1342 2234 amplecti‘

298 2270 360 2313 non
381 2260 462 2313 recte
484 2251 695 2332 Nipperdeium
719 2252 948 2331 interpretatum
971 2269 1036 2311 esse
1058 2269 1171 2312 censeo.

216 2351 264 2412 lli.
298 2351 332 2411 ln
355 2349 440 2411 Ouid.
464 2351 577 2411 heroid.
601 2350 687 2430 epist.
709 2349 799 2412 xvlu
825 2347 899 2412 118:

340 2447 401 2509 lam
425 2449 538 2509 dudum
561 2467 660 2527 pecca,
683 2448 707 2510 si
731 2467 795 2510 mea
818 2448 976 2527 iata'petis

179 2533 183 2544 ’
297 2565 351 2626 pro
373 2545 504 2607 Merkelii
527 2546 653 2608 lectione
674 2546 832 2624 legendum
855 2565 918 2608 esse
941 2545 1053 2609 conicio

341 2644 403 2706 Iam
427 2644 539 2705 dudum
563 2663 676 2723 peccas,
700 2644 725 2704 si
749 2663 814 2705 mea
836 2643 894 2704 fata
917 2643 1004 2723 petis.

218 2743 264 2804 lV.
298 2742 330 2802 ln
354 2742 509 2803 Ciceronis
531 2761 586 2822 pro
602 2741 707 2803 Archia
730 2750 817 2821 poeta
834 2751 907 2803 orat.
924 2760 987 2821 cap.
1003 2740 1028 2800 X
1043 2743 1061 2814 ξ
1077 2740 1116 2800 25
1133 2739 1192 2819 (ed.
1208 2740 1340 2802 Baiterus

298 2849 327 2900 et
349 2841 462 2920 Kaisar)
486 2841 589 2902 verba:
622 2842 755 2920 ‚‚itaque‚
784 2841 882 2914 credo,
905 2841 931 2900 si
953 2841 1023 2902 civis
1046 2841 1197 2900 Romanus
1219 2839 1339 2900 Archias

296 2938 408 3017 legibus
431 2957 490 3000 uon
514 2948 600 3012 esset,
624 2947 658 3000 ut
674 2939 709 3000 ab
725 2939 823 3018 atiquo
839 2939 1019 3018 imperatore
1035 2938 1151 2999 civitate
1168 2938 1338 3010 doceretur,

297 3038 438 3116 perficere
468 3056 529 3098 nou
559 3038 665 3117 potuit.
711 3037 791 3098 Sulla
820 3043 970 3098 cum...“
999 3054 1092 3098 sensu
1120 3055 1187 3097 cum
1211 3046 1339 3106 careant,

296 3137 339 3198 sic
355 3137 496 3198 restituo:
522 3137 653 3216 „ltaque
676 3137 774 3209 credo,
796 3136 822 3196 si
838 3136 908 3196 civis
924 3136 1077 3196 Romanus
1092 3133 1211 3196 Archias
1226 3134 1339 3212 iegibus

296 3251 357 3294 nou
381 3242 473 3304 essct,
501 3245 534 3295 ut
556 3236 591 3296 ab
615 3235 712 3314 aliquo
735 3235 915 3314 imperatore
937 3233 1052 3295 civitate
1075 3234 1246 3307 donaretur,
1270 3251 1340 3312 per-

296 3333 385 3394 ficere
407 3332 512 3412 potuit.
557 3333 624 3394 Nou
647 3333 727 3394 Sulla
750 3351 817 3394 cum
830 3378 837 3392 .
852 3376 860 3393 .
873 3333 902 3392 .“
