3114 5110
685 340 907 403 ..78-

224 512 353 592 primum
377 513 499 592 quidem
522 531 584 574 non
605 515 702 576 solum
726 516 755 575 id
779 516 892 592 egimus
915 523 949 577 ut
971 516 1194 596 Capitoliorum,
1217 537 1292 597 quae
1314 537 1368 579 ex-

223 619 338 672 starent
364 619 444 672 extra
468 612 606 684 Romam,
635 614 756 692 vestigia
785 615 993 694 indagaremus
1021 616 1071 676 sed
1101 617 1190 687 etiam
1220 636 1256 677 ex
1282 617 1367 696 oppi-

224 710 329 770 dorum
360 709 545 789 maximeque
572 711 671 772 ltaliae
702 712 927 774 condicionibus
957 713 1083 776 fortasse
1112 714 1220 793 aliquid
1248 716 1282 775 ad
1306 715 1368 776 ori-

223 810 322 886 ginem
345 807 445 869 triadis
470 808 649 888 Capitolinae
671 810 876 872 illustrandam
894 813 970 873 effici
986 831 1074 890 posse
1088 814 1144 873 rati
1161 813 1250 874 unius
1266 814 1368 874 cuius-

223 925 281 985 que
304 907 403 985 oppidi
426 907 640 979 condicionem,
665 927 738 987 quae
761 909 859 980 luerit,
882 910 913 970 in
929 929 1053 970 examen
1071 911 1248 971 vocavimus.
1284 911 1368 972 Unde

224 1005 358 1084 exempla
381 1007 416 1066 ad
440 1024 536 1066 uuum
559 1005 656 1066 omnia
673 1026 688 1068 a
704 1007 845 1069 Romanis
860 1017 1018 1088 propagata
1035 1027 1096 1069 non
1120 1009 1216 1071 solum
1239 1009 1270 1070 in
1287 1010 1367 1070 colo-

210 1104 279 1164 niis
301 1105 351 1164 sed
376 1105 465 1164 etiam
489 1105 521 1164 in
543 1103 667 1182 singulis
690 1105 857 1184 municipiis
880 1107 967 1167 nobis
989 1125 1143 1168 occumere
1161 1107 1366 1186 apparuit⁹⁹⁷).

222 1202 322 1263 ltaliae
345 1203 523 1282 oppidorum
552 1203 709 1282 municipia
738 1205 862 1265 fuerunt
894 1205 1111 1268 Histonium
1142 1205 1368 1267 Marruvium

221 1301 428 1362 Marsorum
463 1302 648 1364 Ravenna.
706 1303 794 1364 Extra
827 1303 940 1364 ltaliam
974 1305 1006 1364 in
1039 1305 1207 1384 municipiis
1244 1304 1303 1383 (vel
1337 1305 1367 1364 in

222 1417 296 1478 pago
327 1403 364 1460 cf.
387 1419 415 1478 p.
438 1400 491 1478 52)
520 1401 659 1480 Capitolia
689 1400 780 1462 luisse
808 1403 925 1481 saepius
953 1403 1186 1464 observavimus.
1231 1403 1368 1464 Colonia·

220 1516 288 1558 rum
318 1505 418 1558 autem
448 1517 608 1560 numerum
637 1499 779 1560 maiorem
810 1520 874 1561 esse
906 1521 994 1580 qrram
1024 1502 1272 1582 municipiorum,
1307 1503 1369 1563 sola

222 1615 308 1658 causa
340 1597 457 1658 videtur
484 1617 565 1670 esse,
595 1601 672 1678 quod
703 1598 768 1658 illae
798 1599 903 1660 urbem
928 1601 1068 1673 Romam,
1098 1601 1182 1662 cuius
1210 1601 1293 1680 quasi
1322 1601 1368 1662 el-

221 1695 301 1774 figies
325 1714 429 1774 parvae
451 1695 668 1776 simulacraque
692 1716 757 1756 csse
781 1699 925 1776 quaedam
942 1698 1089 1771 videntur,
1113 1698 1255 1759 imitando
1277 1699 1369 1776 magis

222 1803 432 1873 expresserunt
460 1813 548 1873 quam
578 1795 805 1874 municipia²⁹⁸).
860 1795 970 1857 Omnes
999 1797 1088 1875 igitur
1117 1796 1265 1869 colonias,
1299 1816 1367 1857 cum

221 1893 454 1964 deducerentur,
481 1902 599 1972 praeter
622 1900 736 1954 ceteros
760 1894 832 1954 deos
855 1895 941 1955 etiam
966 1895 1077 1956 cultum
1102 1896 1224 1956 deorum
1249 1894 1367 1974 Capito-

220 1992 348 2053 liuorum
377 2011 479 2053 secum
509 1992 627 2053 duxisse
655 1993 830 2072 putaverim.
887 1995 924 2054 At
952 1994 1113 2054 dolendum
1137 2001 1196 2067 est,
1227 1994 1307 2073 quod
1331 1995 1368 2054 de

220 2091 357 2164 coloniis,
388 2111 444 2171 qua
476 2092 692 2152 necessitudine
722 2111 790 2153 curn
820 2093 975 2172 metropoli
1006 2093 1181 2154 coniunctae
1203 2092 1315 2154 luerint
1338 2100 1370 2154 et

220 2190 328 2269 quibus
352 2191 448 2251 modis
472 2191 536 2251 eius
558 2191 718 2268 imaginem
742 2185 956 2270 expresserint,
988 2192 1060 2252 adeo
1084 2191 1156 2252 nihil
1180 2199 1367 2270 compertum

220 2289 378 2358 babemus,
398 2299 432 2348 ut
454 2289 554 2349 animo
571 2307 618 2350 eas
643 2290 784 2368 effingere
806 2291 884 2350 baud
907 2289 1065 2369 possimus.
1112 2289 1175 2351 Hoc
1196 2299 1296 2350 tamen
1312 2308 1368 2368 pro

221 2395 300 2450 certo
324 2390 503 2461 babendum,
526 2390 549 2449 si
566 2405 627 2450 non
644 2390 744 2449 statim
769 2389 805 2449 ab
829 2389 914 2450 initio
938 2397 967 2450 at
989 2398 1068 2451 certe
1084 2389 1161 2449 bello
1177 2389 1276 2450 sociali
1294 2407 1368 2449 cou-

219 2486 296 2548 lecto
320 2487 433 2547 cultum
451 2487 648 2566 Capitolinum
673 2488 703 2548 in
727 2488 891 2567 provincias
908 2486 1158 2566 demigrasse²⁹⁹).
1196 2489 1220 2546 T
1223 2495 1269 2548 ota
1285 2487 1366 2548 enim

220 2586 300 2646 ltalia
324 2585 441 2646 civitate
465 2586 572 2646 donata
597 2605 664 2646 cum
681 2587 775 2647 Roma
797 2605 858 2646 non
881 2587 938 2646 iam
963 2587 1097 2646 omnium
1116 2585 1292 2664 oppidorum
1310 2587 1365 2646 do-

220 2684 300 2745 mina
323 2692 412 2763 atque
435 2685 607 2762 metropolis
631 2685 681 2744 sed
705 2684 785 2745 inter
806 2702 891 2763 pares
916 2684 1003 2745 urbes
1018 2685 1114 2764 prima
1129 2685 1193 2744 lieri
1210 2685 1365 2763 inciperet,

221 2800 289 2842 cum
319 2780 393 2842 urbe
417 2782 509 2843 lloma
539 2782 645 2862 oppida
669 2782 767 2844 ltaliae
794 2793 943 2844 certamen
970 2783 1061 2844 inisse
1088 2783 1224 2843 videntur
1247 2784 1301 2854 ita,
1331 2793 1367 2844 ut

287 2989 330 3049 ²⁹⁷)
348 2987 429 3036 Errat
452 2988 537 3052 igitar¹
557 2989 659 3049 Castan,
684 3003 738 3038 curu
762 2995 851 3038 censet
870 2987 995 3053 Capitalia
1020 2987 1071 3037 nisi
1099 2987 1125 3036 ia
1153 2987 1264 3038 coloniis
1288 2987 1366 3038 obvia

221 3085 269 3117 nou
289 3068 355 3118 fieri.

287 3149 332 3212 ²⁹⁸)
351 3149 418 3200 Gall.
438 3151 469 3200 N.
489 3150 544 3202 Att.
562 3149 625 3202 XVI
646 3151 726 3213 13‚8:
746 3150 806 3213 „sed
826 3149 962 3212 (coloniae)
986 3165 1019 3200 ex
1046 3151 1153 3200 civitate
1178 3151 1249 3216 qnasi
1273 3165 1365 3214 propa-

219 3239 293 3296 gatae
312 3239 371 3281 suot
389 3239 415 3281 et
433 3232 489 3284 iura
509 3233 680 3297 institutaque
694 3232 777 3280 omnia
790 3231 877 3296 populi
890 3230 1004 3296 Romani,
1024 3249 1072 3280 nou
1085 3233 1125 3282 sui
1139 3231 1241 3282 arbitrii
1260 3231 1365 3281 babent.

219 3311 288 3377 Quae
307 3320 391 3362 tamen
411 3311 526 3362 condicio
546 3327 600 3362 cum
626 3313 661 3362 sit
684 3312 764 3375 magis
784 3311 894 3361 obnoxia
917 3318 942 3361 et
960 3313 1043 3361 minus
1065 3313 1148 3362 libera
1170 3313 1257 3377 potior
1279 3321 1364 3362 tamen

218 3403 244 3445 et
262 3395 446 3460 praestabilior
465 3397 628 3445 existimatur
646 3401 751 3459 propter
770 3393 961 3459 amplitudinem
979 3395 1187 3460 maiestatemque
1205 3393 1292 3460 populi
1311 3393 1364 3442 llo-

218 3477 294 3540 mani,
312 3477 385 3525 cuius
404 3477 469 3526 istae
489 3477 605 3526 coloniae
624 3475 697 3540 qnasi
714 3474 814 3538 effigies
834 3489 928 3539 parvae
951 3475 1138 3540 simulacraque
1161 3490 1217 3526 csse
1241 3475 1364 3540 quaedam

218 3558 373 3620 videntur“;
396 3557 427 3608 cl.
447 3557 499 3608 Cio.
519 3559 542 3608 d.
561 3558 611 3620 leg.
630 3573 685 3621 agr.
705 3555 725 3607 ll
745 3558 787 3622 27,
801 3557 844 3608 73:
870 3564 929 3620 „est
952 3571 1044 3622 operae
1067 3556 1176 3621 pretinm
1200 3556 1362 3620 diligentiam

217 3640 341 3689 maiorum
360 3639 499 3702 recordari,
518 3639 560 3704 qui
579 3639 694 3690 colonias
713 3639 752 3689 sic
771 3638 871 3688 idoneis
890 3638 915 3688 io
934 3638 1001 3688 locis
1019 3644 1108 3688 contra
1127 3637 1298 3704 suspicionem
1317 3653 1363 3702 pe-

218 3720 294 3770 riculi
313 3721 480 3784 collocarunt,
499 3729 527 3770 ut
545 3736 601 3771 esse
622 3736 670 3770 non
690 3721 779 3786 oppida
797 3719 888 3770 ltaliae
907 3721 950 3769 scd
970 3719 1156 3784 propugnacula
1171 3711 1271 3783 imperii
1289 3717 1365 3768 vide·

217 3802 338 3864 rentur“;
359 3817 404 3867 pro
423 3799 497 3852 Fout.
516 3801 526 3851 I
545 3801 572 3851 3:
592 3803 711 3866 „colonia
732 3803 778 3864 (se.
797 3799 895 3864 Narbo)
914 3809 1059 3852 nostrorum
1077 3801 1182 3864 civium,
1201 3801 1305 3866 specula
1317 3815 1364 3864 po-

218 3883 271 3948 puli
288 3882 394 3933 Romani
412 3899 442 3934 aa
460 3872 683 3949 propugnaculum,
702 3883 757 3933 illis
778 3883 840 3948 ipsis
854 3883 1001 3933 nationibus
1014 3883 1156 3948 oppositum
1169 3891 1196 3934 et
1208 3882 1362 3932 obiectnm“.

284 3965 327 4025 ²⁹⁹)
347 3964 463 4015 Caesaris
482 3972 551 4015 carte
573 3965 731 4031 temporibus
755 3966 811 4028 lega
836 3971 950 4014 sanctuar
973 3963 1077 4014 videtur
1101 3978 1178 4024 esse,
1193 3969 1221 4013 nt
1244 3962 1362 4012 coloniae

216 4046 273 4096 iure
293 4046 382 4112 templi
400 4047 538 4112 Capitolini
558 4048 705 4113 possidendi
722 4053 870 4107 merentum
891 4045 923 4096 el.
943 4047 960 4096 1.
980 4045 1030 4095 eol.
1049 4061 1105 4109 gen.
1126 4045 1183 4098 Urs.
1204 4061 1258 4111 cap.
1273 4042 1362 4094 LXX:

216 4127 361 4192 „duumviri
375 4165 380 4178 .
395 4164 421 4178 ..
441 4143 530 4179 munus
549 4129 657 4180 ludusve
676 4129 807 4179 scaenicos
827 4126 882 4179 lavi
900 4126 990 4178 lunoni
1002 4127 1135 4178 Minervae
1149 4127 1205 4177 deis
1218 4126 1363 4190 deabusque

216 4210 375 4277 quatriduum
393 4211 490 4261 maiore
509 4217 581 4276 parta
601 4211 714 4261 diei...
733 4209 879 4272 laciuutn“;
902 4209 936 4259 ib.
960 4223 1013 4274 cap.
1037 4205 1137 4258 LXXI:
1162 4207 1278 4272 „aediles
1292 4244 1299 4257 .
1312 4243 1318 4256 .
1332 4242 1360 4257 ..

215 4307 305 4342 munus
324 4292 399 4342 ludos
417 4292 548 4342 amenicos
566 4291 621 4343 lovi
640 4290 729 4341 lunoni
749 4291 882 4342 ldinervaa
899 4290 1012 4340 triduom
1101 4295 1130 4340 et
1152 4303 1228 4340 naum
1246 4289 1313 4339 diam
1332 4289 1359 4338 in

216 4375 286 4426 circo
305 4375 394 4426 autin
413 4373 470 4425 loro
490 4373 586 4426 Veneri
603 4371 743 4424 lacinntn“.
