3134 5128
727 311 941 372 „24-

562 565 741 621 lttstentum
764 559 799 633 (ll
822 559 909 620 Vasto
926 557 1103 638 d'rlimouc).

348 687 410 749 Sub
441 685 571 748 medium
599 685 660 746 lere
688 685 837 746 saeculum
861 691 1000 764 quartum
1030 684 1206 763 Capitolium
1234 685 1408 746 restitutum

263 807 327 850 esse
343 807 358 848 a
372 787 461 848 Fabio
473 784 606 854 Maximo,
623 783 790 864 provinciae
806 784 919 844 Samnii
934 791 1058 854 rectore,
1076 783 1179 845 titulus
1194 784 1215 842 l.
1229 784 1261 843 ll.
1273 784 1308 843 N.
1322 785 1409 844 5242

262 885 445 960 testaturw).
509 883 579 944 Fuit
611 891 709 943 autem
741 882 910 942 Histonium
938 881 1154 943 Frentanorum
1188 891 1277 961 caput
1311 903 1409 962 neque

263 1005 331 1047 vero
354 1002 534 1066 quamquam
557 981 609 1042 lib.
633 981 687 1042 eal.
710 999 738 1060 p.
756 981 817 1042 260
840 981 953 1042 colonia
983 981 1146 1061 appellatur
1169 1001 1201 1042 ea
1232 982 1409 1043 condicione

262 1084 356 1146 luisse
384 1083 510 1152 videtur,
542 1099 609 1143 cum
639 1080 758 1142 obstent
785 1079 861 1142 tituli
886 1081 906 1140 l.
930 1081 964 1140 ll.
989 1080 1022 1139 N.
1047 1078 1140 1140 5250.
1165 1079 1265 1152 5252,
1299 1081 1408 1160 quibus

264 1182 470 1263 municipium,
492 1199 554 1242 non
577 1179 690 1241 colonia
713 1178 832 1239 dicitur.

500 1357 694 1412 lllarruvlum
717 1354 895 1410 Marsorum
920 1348 962 1422 (S.
986 1348 1170 1427 Benedelto).

347 1477 458 1538 Marsos
481 1495 548 1538 cum
566 1475 696 1536 sciamus
712 1473 888 1554 plerumque
904 1473 1019 1533 vicatim
1038 1472 1181 1534 habitasse
1197 1474 1409 1552 paucissimas·

263 1597 321 1658 que
343 1577 476 1638 civitates
499 1573 647 1644 habuisse,
671 1573 860 1645 Marruvium,
884 1572 963 1650 quod
987 1580 1049 1632 erat
1072 1581 1158 1651 eaput
1180 1591 1300 1645 corum,
1324 1576 1410 1654 oppi-

263 1677 364 1738 dulum
389 1675 482 1736 luisse
497 1681 626 1753 apparet.
664 1672 814 1751 Municipii
831 1671 1015 1742 condicione,
1038 1690 1099 1732 non
1116 1671 1248 1732 coloniae
1268 1673 1409 1751 oppidum

262 1775 357 1837 fuisse
391 1774 520 1835 indicant
548 1772 625 1834 tituli
656 1771 677 1831 l.
706 1771 740 1830 ll.
764 1771 797 1830 N.
829 1770 921 1831 5497.
949 1769 1046 1841 5502,
1077 1789 1167 1848 quare
1197 1787 1257 1831 nou
1285 1772 1409 1832 dubium

263 1874 336 1954 quin
365 1873 441 1934 bello
471 1871 571 1932 sociali
600 1869 735 1932 conlecto
766 1889 802 1929 eo
833 1869 896 1929 iore
925 1877 1090 1930 ornaretur.
1136 1869 1256 1929 Praeter
1278 1869 1410 1950 Capitolii

263 1981 363 2034 autem
386 1987 497 2032 nornen
521 1969 592 2030 nibil
616 1976 801 2048 compertum
825 1965 1024 2046 habemusss).

741 2142 930 2198 Abellinum.

350 2263 491 2332 abellini,
520 2262 713 2341 Hirpinorum
737 2261 806 2322 olim
829 2261 948 2341 oppidi,
971 2261 1149 2340 Capitolium
1174 2271 1411 2324 commemorant

264 2372 327 2425 acta
348 2363 398 2424 SS.
421 2361 555 2440 Martprr.
578 2359 723 2439 Hypolisti
751 2358 833 2436 (sici)
860 2359 1021 2420 Crescentii
1044 2360 1251 2433 sociorum⁷²).
1312 2361 1411 2440 Hypo-

266 2485 478 2497 ——.-—---

332 2565 363 2625 ⁷⁰)
384 2561 575 2628 [C]npitoliu[m]
592 2557 597 2626 Ι
614 2559 728 2622 [illabius
744 2559 887 2622 Maximine]
905 2557 909 2623 Ι
925 2559 985 2623 vlir]
1005 2531 1180 2622 ellarissinrus]
1202 2559 1207 2625 Ι
1228 2559 1411 2624 [i]nstauravit.

264 2645 340 2710 Lapis
358 2651 475 2710 repertus
493 2650 533 2692 est
551 2642 577 2691 in
596 2641 664 2690 atrio
684 2657 704 2689 s.
718 2640 797 2701 Petri,
816 2639 860 2689 nbi
874 2641 935 2691 olim
948 2656 993 2705 pro
1007 2641 1087 2704 gradu
1099 2642 1130 2691 ad
1143 2641 1285 2692 aediculam
1299 2643 1412 2694 Sanctis·

177 2727 180 2734 '
266 2727 325 2776 uiuri
338 2725 396 2776 luit.
414 2724 517 2774 Titulus
530 2737 676 2789 quamquam
689 2729 787 2786 tempus
801 2739 849 2770 non
863 2722 967 2784 indicat,
980 2729 1063 2774 tamen
1076 2723 1137 2774 aliis
1147 2738 1179 2773 ex
1189 2725 1412 2790 inscriptionibus,

264 2808 355 2873 quibus
377 2806 472 2857 Fabius
496 2811 584 2855 rector
606 2803 754 2869 provinciae
773 2803 931 2869 appellatur,
956 2819 1012 2854 eum
1035 2804 1089 2854 illis
1113 2806 1270 2870 temporibus
1294 2807 1412 2856 tloruisse

267 2897 375 2941 constat.
420 2887 538 2940 llaeteris
562 2886 633 2937 onim¹
653 2885 749 2935 Sumnii
772 2900 861 2934 nomeu
883 2893 942 2935 ante
963 2901 1053 2936 annum
1072 2886 1121 2935 352
1146 2903 1194 2937 non
1214 2887 1358 2951 invenitur,
1380 2887 1411 2937 cl.

264 2972 377 3024 Momms.
403 2988 452 3022 scr.
477 2985 557 3034 grum.
576 2966 597 3018 ll
620 2983 642 3033 p.
663 2968 725 3029 2063
754 2965 890 3017 Wilruaus.
914 2967 961 3016 Ex.
981 2983 1003 3016 u.
1024 2964 1099 3018 73212.
1146 2967 1241 3018 [lector
1264 2970 1412 3035 provinciae

264 3054 409 3120 appellatur
427 3051 503 3102 Alibs
523 3050 706 3101 tuncrus
726 3053 769 3108 l=
783 3048 825 3098 W.
844 3047 922 3110 7350)
940 3047 1058 3100 Telesino
1077 3050 1110 3100 ib.
1130 3051 1197 3099 4850
1216 3052 1261 3111 (---
1274 3050 1317 3101 W.
1332 3047 1411 3114 735³)

265 3135 370 3200 Saepini
392 3134 426 3183 ib.
445 3133 513 3182 4926
536 3134 581 3193 (=
595 3130 637 3182 W.
652 3131 733 3194 7³50)
761 3131 849 3181 luvani
873 3131 906 3180 ib.
927 3131 993 3180 5189
1017 3132 1063 3193 (=
1077 3132 1118 3182 W.
1133 3131 1221 3198 lssbf).
1267 3131 1364 3196 Quibus
1385 3134 1411 3182 in

265 3215 363 3282 oppidis
388 3215 453 3278 qued
472 3221 562 3263 vetcru
584 3211 698 3262 aedilicia
723 3212 885 3274 restituisse,
912 3227 978 3262 nova
997 3210 1135 3277 perfecisse
1154 3229 1202 3262 non
1221 3214 1318 3264 dicitur
1336 3230 1410 3264 causo

265 3298 327 3347 bace
350 3303 398 3347 eat.
443 3294 503 3345 Cum
522 3294 598 3344 initia
623 3295 719 3344 saeculi
738 3293 770 3344 lV
790 3293 888 3342 incuria
907 3293 1051 3357 praesidum
1073 3301 1162 3344 vetera
1180 3303 1341 3346 monumenta
1359 3297 1413 3346 col-

265 3378 319 3430 labi
338 3386 365 3430 et
383 3379 467 3444 perire
484 3377 627 3442 inciperent
640 3376 718 3425 atilli
733 3391 798 3424 nova
811 3376 932 3425 incboare
944 3391 1016 3440 quum
1029 3376 1148 3426 inchoato
1162 3377 1286 3442 perficere
1298 3379 1414 3439 mallent,

265 3460 450 3512 Constantinus
473 3466 500 3508 ct
523 3458 566 3524 qui
588 3457 613 3506 ei
635 3464 818 3506 successerunt
845 3457 1012 3522 imperatores
1041 3458 1098 3520 lege
1121 3466 1275 3523 sanxerunt,
1304 3475 1334 3508 ue
1357 3460 1414 3524 quis

266 3543 379 3592 iudicum
403 3547 448 3589 aut
471 3547 599 3590 rectorum
623 3539 812 3603 provinciarum
836 3555 901 3588 nova
926 3554 1002 3603 opera
1027 3539 1098 3604 prius
1116 3538 1242 3604 inciperet
1260 3556 1332 3605 quarn
1351 3556 1415 3605 quae

266 3625 338 3674 senio
359 3622 428 3674 victu
447 3627 565 3686 reperate
584 3627 683 3682 essent3
707 3618 738 3670 el.
758 3620 813 3670 eod.
833 3619 928 3670 Theoti.
947 3617 997 3670 XV
1018 3619 1030 3669 1
1056 3621 1087 3670 de
1106 3636 1145 3684 op.
1164 3622 1232 3686 publ.
1254 3621 1268 3670 2
1289 3622 1321 3684 (a.
1340 3622 1415 3682 321Ι;

266 3703 332 3768 3(a.
352 3703 427 3768 326);
457 3704 484 3754 11
506 3701 539 3767 (a.
559 3702 632 3764 364);
662 3701 691 3751 tt
711 3703 742 3763 (a.
765 3701 837 3766 365);
867 3700 898 3750 el.
919 3699 1100 3752 Gotbofredum
1120 3702 1145 3752 in
1166 3709 1306 3752 commento
1326 3703 1416 3753 bornus

265 3787 336 3838 titul.
381 3785 425 3836 Sin
450 3792 534 3836 autem
558 3783 741 3835 Constantinus
765 3800 829 3832 anuo
852 3783 901 3833 326
924 3791 1027 3848 practer
1048 3785 1199 3849 templorum
1222 3785 1416 3836 aedificationes

267 3885 333 3920 nova
354 3883 433 3933 opera
452 3867 565 3916 inchoari
584 3874 717 3932 antequem
737 3873 827 3914 vetera
845 3872 991 3914 restaurata
1013 3865 1065 3914 sint
1084 3872 1168 3928 vetat,
1186 3865 1240 3916 illis
1258 3867 1417 3932 temporibus

267 3951 378 4000 noudum
396 3950 490 4015 templu
509 3964 601 3999 eversa
620 3947 702 3998 luisse
720 3954 834 4012 apertum
854 3953 902 3996 ast.
939 3945 1004 3996 Vide
1024 3961 1069 3996 nos
1087 3963 1110 4012 p.
1132 3946 1161 3996 12
1180 3947 1237 3996 adn.
1259 3947 1298 3996 16.

334 4032 367 4097 ¹¹)
385 4031 402 4081 l.
421 4030 450 4080 lt.
469 4029 501 4080 N.
521 4030 601 4082 5501:
694 4027 819 4078 (letorius
838 4027 956 4089 Laena[s]
973 4025 1039 4090 Ι...
1059 4025 1199 4077 Cervarins
1218 4026 1245 4076 P.
1264 4025 1281 4076 f.
1298 4026 1302 4091 Ι
1318 4025 1362 4076 llll
1375 4028 1418 4077 vir

266 4114 350 4179 quinq.
367 4110 372 4180 Ι
387 4112 454 4162 viana
473 4118 531 4176 post
548 4110 720 4176 Capitoliulur]
737 4108 742 4174 Ι
757 4108 833 4159 silice
851 4109 1031 4170 sternentibus]
1060 4123 1092 4158 er
1110 4108 1133 4157 d.
1153 4107 1176 4158 (l.
1195 4124 1219 4173 p.
1237 4124 1261 4172 p.
1277 4107 1281 4173 Ι
1298 4109 1419 4158 locarunt

267 4195 402 4260 idanq[uel
423 4193 589 4258 probabuntl.

335 4275 367 4338 πΙ
385 4275 450 4340 apud
469 4274 584 4323 Bolland.
598 4271 655 4323 ital.
668 4271 744 4322 Maiis
763 4272 852 4334 (urens.
873 4270 935 4321 Maii
954 4277 1006 4320 torn
1023 4269 1044 4320 ll
1063 4285 1118 4335 pag.
1132 4270 1235 4335 42sq.);
1253 4268 1285 4320 cl.
1304 4269 1419 4333 Ugbellii

266 4357 323 4409 ltal.
342 4373 408 4408 sacr.
425 4363 486 4406 tom.
507 4354 559 4404 Vlll
578 4372 601 4421 p.
620 4353 725 4413 265166,
