3114 5110
636 289 859 356 ..25-

177 471 263 533 listus
293 469 445 532 Antiochia
474 469 638 531 Abellinum
670 469 764 543 venit,
792 468 843 530 ubi
871 485 1008 546 magnam
1037 465 1190 528 hominum
1217 463 1320 527 multi-

176 571 312 632 tudinem
347 570 381 630 ad
417 569 503 630 fidem
538 568 733 630 Christianam
767 566 923 629 convertit.
979 566 1091 628 lleinde
1125 585 1216 646 prope
1244 565 1319 626 lovis

177 669 340 730 aediculam
364 668 484 729 ecclesia
508 675 675 730 constructa
699 667 816 729 assidue
846 667 1044 748 ,‚preedicat“.
1094 666 1137 726 Ad
1166 673 1320 726 senatores

178 769 321 829 Firmium
338 767 533 829 Fortunatum
559 774 589 828 et
608 767 781 828 Faustinum
805 765 964 828 accersitus
987 783 1054 826 cum
1078 765 1133 825 diis
1157 764 1320 825 sacrificare

176 874 327 929 recusaret
350 885 364 927 a
389 874 491 926 monto
513 865 677 945 Capitolino
700 865 731 926 in
747 866 844 927 lorum
862 865 991 925 delectus
1007 870 1036 924 et
1051 882 1066 922 a
1083 862 1156 922 lovis
1173 861 1321 940 pontilici-

177 967 232 1027 bus
255 965 360 1025 illusus
383 962 481 1042 estll).
528 965 659 1044 Rogerus
683 964 713 1025 in
737 965 771 1024 G.
796 963 963 1024 Henscheni
991 969 1121 1022 actorum
1150 967 1321 1021 commento

177 1083 209 1124 se
238 1064 410 1124 observasse
439 1062 480 1122 ait
507 1081 584 1123 anno
617 1063 698 1124 1644
728 1066 889 1140 fragmenta
918 1061 1059 1140 quaedam
1089 1060 1167 1119 velut
1190 1057 1322 1136 ingentia

178 1181 246 1222 saxa
269 1161 372 1240 templi
395 1160 469 1222 lovis
492 1161 522 1221 in
545 1161 593 1222 illo
617 1167 720 1222 monte
743 1159 916 1240 Capitolino.
963 1159 1020 1219 Sed
1044 1166 1077 1219 ut
1100 1165 1131 1218 ut
1155 1165 1213 1226 est,
1243 1164 1322 1217 certe

178 1260 214 1320 de
236 1259 283 1319 his
307 1259 379 1319 actis
403 1259 480 1319 idem
503 1259 589 1332 valet,
617 1260 695 1338 quod
724 1260 760 1319 de
783 1259 840 1319 illis
862 1256 1000 1337 exposui,
1031 1274 1097 1317 cum
1122 1256 1158 1316 de
1180 1255 1321 1334 Capitolio

179 1358 297 1418 Nolano
321 1375 409 1437 supra
433 1358 519 1418 verba
543 1359 608 1418 leci.
653 1358 739 1431 Quod
763 1357 797 1418 ad
821 1356 920 1436 oppidi
943 1356 988 1416 ius
1012 1355 1131 1424 attinet,
1156 1354 1321 1414 Abellinum

178 1474 359 1536 quamquam
387 1475 403 1516 a
431 1456 525 1516 Plinio
549 1456 578 1516 b.
603 1475 631 1516 n.
654 1457 693 1516 lll
719 1456 831 1527 tutet
860 1454 971 1515 colonia
1001 1473 1059 1514 non
1088 1454 1196 1514 dicitur
1223 1461 1322 1514 tamen

178 1575 212 1615 eo
235 1555 300 1615 iure
323 1552 414 1613 luisse
430 1572 497 1614 cum
521 1573 556 1614 ex
579 1554 654 1614 libro
678 1554 731 1614 col.
748 1574 777 1633 p.
795 1551 910 1624 219,Ῑὸ
933 1560 996 1614 tum
1022 1572 1055 1613 ex
1079 1552 1321 1632 inscriptionibus

178 1652 333 1724 clucet⁷⁴).
379 1651 452 1712 Cum
476 1652 589 1714 Plinius
617 1661 726 1724 taceat,
758 1651 959 1732 Zumptiusst)
989 1651 1132 1712 coloniam
1162 1649 1323 1711 triumviris

177 1751 287 1812 rectius
318 1749 481 1822 adiudicat,
511 1769 577 1812 cum
606 1760 706 1812 tamen
729 1751 874 1812 Renierus
897 1751 974 1812 illam
1004 1750 1083 1811 inter
1106 1749 1323 1826 duodetriginta

178 1849 304 1928 Augusti
328 1848 457 1910 colonias
480 1849 645 1921 relerat⁷⁶).

643 2025 865 2080 Beneventum.

264 2151 409 2213 Orbilium
433 2147 600 2227 Popillium,
624 2146 776 2224 plagosum
800 2143 883 2204 illum
907 2143 1018 2204 Horatii
1042 2142 1231 2219 magistrum,
1255 2161 1323 2202 cum

178 2251 338 2313 beneventi
361 2257 448 2311 natus
471 2253 559 2315 esset,
583 2243 661 2305 cives
685 2243 907 2303 honoraverunt
929 2243 978 2312 ita,
1002 2250 1035 2302 ut
1057 2249 1183 2301 statuam
1208 2240 1270 2302 eius
1293 2243 1323 2303 ln

179 2343 319 2431 Capitolio
342 2345 545 2429 ponerentlll.
591 2342 646 2404 Sed
670 2341 803 2421 Capitolii
828 2359 909 2402 nunc
931 2341 989 2401 iem
1012 2357 1050 2400 ne
1072 2339 1226 2417 vestigium
1256 2340 1323 2419 qui-

179 2451 246 2511 dem
271 2454 375 2510 exstat.
420 2445 546 2506 loannes
573 2441 651 2500 enim
675 2442 710 2501 de
733 2441 812 2512 Vita,
843 2441 893 2518 qui
918 2439 1089 2500 thesaurum
1113 2438 1323 2516 antiquitatum

177 2549 340 2609 Benevent.
372 2546 481 2606 Rornae
508 2561 533 2603 a.
562 2540 640 2600 1754
666 2539 769 2610 edidit,
797 2539 833 2598 de
857 2538 999 2617 Capitolio
1026 2539 1097 2599 haec
1125 2536 1212 2598 verba
1240 2537 1323 2597 iacit:

178 2655 208 2708 et
228 2646 373 2706 infelicior
396 2641 518 2703 omnino
531 2638 731 2700 beneventani
750 2635 885 2716 Capitolii
905 2655 969 2698 sors
982 2636 1046 2707 luit,
1068 2636 1152 2696 cuius
1168 2655 1234 2696 cum
1253 2636 1325 2697 nibil
1373 2710 1375 2714 Ι

178 2743 326 2824 reliquum
343 2740 538 2822 spectandum
555 2737 648 2798 oculis
661 2738 758 2798 locum
772 2722 859 2798 etiam
874 2735 923 2797 ubi
937 2735 1027 2796 fuerit
1039 2735 1182 2797 indicasse
1194 2744 1324 2815 negatur.

245 2947 276 3007 ⁷³)
295 2945 327 2995 ib.
346 2960 401 3010 pag.
422 2943 454 2993 43
473 2941 530 3006 §22
550 2941 647 3006 Quibus
671 2939 759 2990 verbis
782 2940 899 2989 commoti
916 2937 984 2990 lovis
1008 2940 1140 3005 pontifices
1162 2954 1218 2988 eum
1243 2938 1325 3004 sputis

179 3035 207 3078 et
225 3027 307 3090 virgis
326 3041 427 3076 caesum
446 3023 576 3074 nonnullis
596 3022 745 3071 vulneribus
763 3021 939 3086 plagaverunt.
977 3020 1025 3085 Qui
1044 3027 1132 3086 postea
1150 3019 1246 3070 vinctis
1268 3025 1326 3084 post

178 3116 251 3172 terga
269 3109 382 3158 manibus
401 3113 428 3157 et
446 3107 476 3156 ad
496 3111 604 3155 montem
623 3103 791 3168 Capitolinum
816 3101 953 3168 perductus
971 3103 996 3152 in
1021 3101 1102 3152 lorum
1121 3101 1238 3152 deicitur.

178 3188 279 3240 Interea
298 3188 414 3256 pontifex
441 3188 540 3254 quidam
559 3203 591 3238 cx
610 3187 680 3252 illis,
710 3186 814 3236 batillus
843 3185 956 3248 nornine,
983 3184 1118 3235 dissolutis
1137 3184 1192 3234 eius
1211 3182 1325 3233 manibus

180 3271 335 3321 thuribulum
355 3270 378 3320 ei
398 3270 523 3336 porrexit,
542 3276 569 3318 nt
588 3267 654 3318 lovis
673 3267 810 3318 simulacro
829 3267 887 3317 thus
906 3267 1045 3318 adhiberet.

247 3353 279 3418 ⁷⁴)
298 3351 315 3401 l.
329 3351 358 3402 ll.
371 3350 401 3402 N.
423 3351 501 3401 1875:
527 3350 574 3400 col.
591 3350 701 3401 Veneria
714 3349 790 3401 Livia
804 3349 917 3413 Augusta
931 3349 1120 3400 Alexandriana
1133 3347 1326 3412 Abellinutinm‚

178 3432 211 3484 cl.
231 3451 254 3483 n.
276 3434 349 3496 1877,
370 3432 545 3482 asta-1881.

247 3515 281 3577 η)
299 3516 316 3564 l.
336 3532 356 3564 c.
377 3513 428 3579 lp.
448 3513 505 3564 336.

247 3597 279 3662 ⁷⁸)
297 3594 338 3659 cl„
350 3596 467 3659 borghes.
488 3611 544 3661 opp.
564 3596 616 3646 vol.
636 3594 658 3646 V
677 3610 699 3660 p.
720 3594 768 3643 257
787 3596 843 3644 adn.
863 3595 886 3643 3.

247 3680 278 3741 ⁷⁷)
297 3675 328 3727 ci.
348 3677 451 3727 Sueton.
481 3677 512 3726 de
531 3676 625 3727 illustr.
653 3691 731 3739 gram.
756 3691 777 3724 c.
797 3675 825 3725 9:
848 3675 965 3725 Orbilius
983 3674 1082 3724 ubinam
1101 3681 1154 3737 est,
1181 3673 1326 3724 litterarum

181 3761 297 3812 oblivio?
333 3757 423 3808 Statua
448 3757 504 3808 eius
524 3757 662 3810 beneventi
688 3757 833 3807 ostenditur
855 3757 881 3806 iu
901 3757 1032 3822 Capitolio
1056 3755 1086 3806 ad
1105 3755 1239 3806 sinistrum
1258 3755 1325 3807 latus

180 3856 330 3893 marmorea.
349 3853 382 3875 ’-
401 3837 457 3889 Non
478 3840 560 3888 solum
579 3840 659 3901 igitur
678 3837 779 3904 imperii
799 3837 903 3889 Romani
928 3839 1018 3904 oppida
1038 3837 1165 3903 Capitolia
1187 3838 1218 3886 ad
1242 3851 1327 3886 exem·

180 3925 248 3990 plum
268 3921 338 3970 urbia
358 3920 451 3971 Romae
472 3920 641 3971 aedificabant
659 3920 718 3983 sed,
737 3921 806 3986 jqnod
831 3920 935 3969 maximi
954 3927 994 3970 est
1017 3920 1149 3982 momenti,
1173 3919 1326 3985 Capitolium

179 4005 250 4056 Rom.
268 4003 304 4053 ita
320 4003 492 4066 imitabantur,
509 4009 538 4051 nt
552 4002 679 4052 clarorum
697 4001 811 4052 virorum
830 4007 928 4052 statuas
947 4001 1034 4051 eodem
1052 4003 1108 4051 loco
1131 4000 1326 4050 constituerent.

180 4087 273 4137 llomaa
297 4083 395 4150 quidem
414 4083 525 4148 Augusti
550 4091 635 4135 aetate
654 4099 714 4134 area
734 4083 822 4148 templi
841 4083 933 4133 statuis
952 4085 1014 4133 adeo
1034 4081 1130 4132 relenta
1150 4090 1215 4145 crat,
1233 4089 1262 4130 nt
1280 4081 1326 4130 ille

182 4183 268 4219 earum
286 4165 420 4215 maximam
439 4173 536 4230 partem
555 4165 581 4215 in
595 4164 711 4230 Campum
725 4164 845 4214 Martium
863 4161 988 4214 transferi
1008 4163 1115 4214 iuberet.
1153 4163 1230 4213 Cuius
1248 4162 1326 4212 moris

181 4249 233 4300 alia
258 4247 375 4311 exempla
399 4254 502 4299 exstant
528 4247 625 4314 Hispali
650 4261 696 4296 nee
715 4261 764 4295 non
783 4246 908 4309 Veronae,
926 4245 970 4295 ubi
988 4252 1072 4296 statua
1091 4259 1153 4311 quac
1172 4246 1215 4295 din
1233 4246 1260 4294 in
1279 4242 1328 4293 Ca·

181 4330 273 4396 pitolio
292 4329 409 4379 iacuerat
427 4336 515 4394 postea
534 4331 559 4380 in
579 4328 630 4380 lori
648 4328 815 4379 celeberrimo
834 4328 891 4378 loco
910 4326 1050 4379 constituta
1069 4333 1121 4390 est3
1140 4327 1181 4378 vd.
1201 4324 1275 4377 inlra.
