3114 5110
631 314 854 376 ...ll-

170 501 250 545 nuno
278 485 333 546 viri
362 486 440 550 docti
469 507 524 550 nec
553 489 650 550 solum
672 490 735 552 Itali
759 491 900 571 Capitolia
924 512 978 574 pro
1002 495 1125 556 castellis
1147 497 1238 559 foisse
1260 498 1315 560 sibi

168 585 374 664 persuadeant.

254 682 387 744 Tandem
418 685 506 764 igitur
537 695 568 746 ut
597 706 681 750 error
708 689 883 752 manifestus
911 712 927 751 e
957 692 1054 754 medio
1082 695 1202 756 tollatur
1229 697 1315 775 Capi-

168 785 274 846 tolium
308 785 382 846 nibil
415 785 472 846 nisi
506 787 650 866 templum
684 787 847 866 significare
881 790 990 851 iterum
1025 811 1142 854 moneo.
1188 795 1245 856 Sed
1280 805 1314 858 ut

167 887 325 948 redeamus
347 885 381 946 ad
405 905 438 946 ea
462 904 536 964 quae
558 885 767 964 proposuimus
791 906 930 949 ererum
954 890 1148 970 scriptoribus
1180 912 1313 956 comme·

123 1007 126 1010 ·
167 993 324 1046 morantur
339 984 478 1064 Capitolia
502 985 587 1044 haec:
611 984 822 1064 Capuanum
846 987 1149 1052 Beneventanum
1175 991 1311 1054 Narbo·

167 1102 278 1146 nense
301 1083 521 1144 Tolosanum
546 1084 882 1160 Augustodunense
905 1087 1219 1166 Carthaginiense
1242 1091 1312 1151 Co-

166 1183 355 1245 rinthium
396 1182 864 1262 Constantinopolitanum
899 1185 1147 1249 Antiocheam
1182 1189 1313 1252 Hiero-

166 1283 441 1363 solymitanum.

251 1383 338 1442 Nunc
359 1381 522 1442 transimus
544 1383 579 1442 ad
602 1389 666 1442 acta
689 1389 859 1443 sanctorum
884 1402 960 1462 quae
981 1384 1051 1445 inde
1074 1385 1110 1446 ab
1132 1403 1211 1446 anuo
1230 1386 1310 1448 1643

131 1542 133 1546 ,
166 1484 252 1544 edere
281 1481 378 1560 coepit
404 1481 448 1540 Jo.
472 1480 657 1551 bollandius,
692 1481 955 1554 continuaverunt,
982 1492 1011 1544 at
1039 1502 1101 1544 non
1125 1485 1312 1563 perfecerunt
1400 1537 1404 1545 .

165 1582 236 1642 Dan.
253 1578 468 1660 Papebrochius
492 1579 564 1640 Cod.
581 1579 786 1640 henschenius
808 1580 864 1642 alii.
909 1582 1023 1654 Quibus
1046 1602 1224 1662 quamquam
1250 1604 1310 1646 non

163 1682 188 1742 is
212 1699 280 1741 sum
304 1678 355 1758 qui
378 1677 538 1757 plurimum
562 1679 630 1738 fidei
654 1679 778 1740 habeam
801 1687 901 1740 tamen
926 1699 1047 1759 prorsus
1071 1699 1104 1742 ea
1127 1701 1194 1742 csse
1209 1684 1310 1759 negle-

165 1779 261 1859 genda
284 1797 371 1857 nego.
415 1778 453 1837 ht
475 1777 679 1838 difficillimum
704 1786 733 1840 et
760 1778 943 1856 periculosae
971 1781 1092 1859 plenum
1122 1800 1197 1860 opus
1231 1782 1310 1842 aleae

163 1889 259 1940 artem
283 1877 414 1938 criticam
445 1876 479 1936 iis
502 1875 639 1938 adhibere
662 1877 717 1947 ita,
752 1886 784 1937 ut
807 1886 919 1938 certum
942 1879 1084 1940 iudicium
1114 1880 1184 1940 ferri
1211 1892 1309 1959 queat,

164 1999 232 2040 curn
267 1978 442 2059 plerumque
476 1976 511 2036 ab
545 1975 713 2036 auctoribus
743 1975 895 2053 anonymis
929 1976 1040 2038 incerta
1075 1985 1172 2039 aetate
1200 1979 1308 2058 scripta

163 2078 233 2139 sint.
278 2077 391 2138 Tamen
414 2077 471 2137 hoc
493 2075 613 2154 quidem
637 2093 690 2154 pro
714 2083 793 2135 certo
816 2075 916 2135 haberi
948 2076 1055 2154 poterit
1082 2077 1216 2137 breviora
1245 2085 1308 2138 acta

162 2175 329 2256 antiquiora
352 2193 416 2235 esse
441 2193 528 2252 quam
545 2191 620 2250 quae
636 2173 784 2234 miraculis
799 2172 935 2251 fictisque
951 2174 1176 2234 narratiunculis
1201 2175 1308 2236 referta

165 2277 253 2337 vitam
283 2282 470 2353 mortemque
500 2281 672 2333 sanctorum
703 2281 849 2332 enarrent.
894 2273 967 2332 Cum
991 2281 1090 2334 autem
1114 2274 1170 2334 illis
1193 2274 1308 2335 brevio-

135 2375 246 2436 ribus
280 2383 310 2434 et
343 2371 559 2451 antiquioribus
593 2371 665 2432 actis
694 2370 749 2430 nisi
777 2388 887 2432 nomen
912 2371 1043 2450 Capitolii
1071 2372 1145 2433 nibil
1174 2392 1307 2434 comme-

161 2480 309 2535 moratum
333 2470 502 2542 habeamus,
527 2488 559 2529 ea
582 2487 657 2548 quae
680 2469 715 2528 ad
737 2469 930 2530 recentiorem
949 2477 1084 2548 spectant
1099 2480 1224 2532 aetatem
1240 2491 1307 2533 vera

159 2572 239 2634 falsis
272 2571 397 2630 miscent
431 2576 459 2628 et
492 2567 604 2628 nomini
636 2567 768 2646 Capitolii
800 2568 955 2628 historiam
983 2568 1110 2647 aliquam
1140 2570 1305 2631 fabularum

162 2670 399 2747 mendorumque
426 2675 486 2728 tam
517 2667 634 2748 plenam
665 2666 820 2726 adnectere
844 2675 1071 2738 consueveruut‚
1096 2669 1141 2729 vix
1163 2677 1197 2729 ut
1220 2669 1306 2748 quid·

159 2787 249 2849 quam
273 2767 345 2829 certi
375 2767 420 2827 his
448 2765 617 2827 auctoribus
646 2766 682 2825 de
705 2764 848 2844 Capitolio
877 2768 1064 2828 statuendum
1093 2769 1141 2827 sit.
1186 2768 1226 2828 lle
1251 2769 1305 2830 vita

160 2869 239 2930 enim
264 2875 294 2927 et
316 2865 454 2945 passione
477 2884 579 2926 eorum
604 2865 654 2943 qni
678 2865 817 2943 martyrio
841 2868 974 2926 coronati
997 2875 1082 2926 erant
1104 2886 1171 2926 cum
1192 2867 1306 2928 instru-

161 2965 268 3028 mentis
291 2964 496 3026 ecclcsiasticis
524 2970 639 3042 praeter
661 2981 770 3023 nonren
795 2963 957 3042 mortisque
985 2965 1189 3024 brevissimam
1218 2985 1304 3026 enar-,

158 3065 305 3126 rationem
328 3063 400 3124 nihil
429 3065 491 3123 fere
519 3065 553 3122 ad
578 3062 755 3141 scriptorum
779 3071 903 3124 aetatem
928 3064 1105 3141 perveniret,
1133 3064 1233 3124 omnia
1256 3083 1305 3124 re-

159 3165 237 3243 liqua
271 3182 287 3224 a
320 3162 532 3242 posterioribus
566 3161 633 3221 vitis
667 3161 777 3222 inserta
811 3161 876 3222 ficta
906 3161 1070 3223 habeamus
1099 3179 1221 3222 necesse
1250 3171 1304 3223 cst.

159 3263 242 3334 Quod
260 3281 294 3324 eo
310 3262 403 3340 magis
419 3262 563 3340 probator
579 3261 657 3340 quod
674 3269 807 3321 actorum
824 3281 898 3340 quoe
915 3280 968 3321 nos
985 3261 1128 3322 habemus
1146 3261 1303 3322 maximam

160 3371 271 3440 partem
294 3369 364 3422 ante
387 3361 537 3421 saecolum
561 3369 694 3420 octavum
719 3377 779 3420 nou
797 3361 987 3439 compositam
1006 3379 1071 3420 esse
1088 3360 1158 3420 satis
1175 3369 1302 3420 constat.

242 3461 339 3521 Nihilo
368 3459 466 3520 mirrus
498 3478 565 3519 cum
595 3469 729 3520 actorum
764 3459 924 3538 scriptores
955 3460 1145 3538 antiquorum
1181 3458 1302 3518 nomina

157 3559 290 3620 locorum
314 3559 432 3637 saepius
455 3567 534 3619 certa
558 3559 682 3637 quadam
706 3557 820 3618 ratione
843 3557 1181 3633 adhibere-sciamus1⁴)
1210 3557 1246 3617 ad
1270 3575 1302 3616 ea

156 3659 304 3738 respicere
321 3658 463 3734 cogimur.
487 3657 549 3718 lloo
565 3665 598 3716 ut
615 3657 769 3717 credamus
785 3657 961 3716 adducimur
977 3677 1011 3716 eo
1028 3657 1107 3736 quod
1126 3655 1301 3734 Capitolium

157 3758 329 3836 Capuanum
351 3756 545 3818 Narbonense
564 3755 742 3815 Tolosanum
756 3754 950 3816 Antiocheam
965 3774 1031 3816 cum
1045 3755 1116 3816 actis
1129 3763 1301 3814 sanctorum

155 3866 226 3918 tum.
242 3857 330 3916 certis
352 3854 531 3916 testimoniis
554 3855 672 3914 tirmaro
696 3873 866 3932 possumus.

241 3955 361 4016 illorum
388 3955 478 4031 igitur
505 3953 665 4031 scriptores
696 3972 763 4014 cum
793 3971 859 4013 vcra
890 3953 1008 4013 tradere
1042 3970 1138 4031 neque
1167 3949 1301 4030 Capitolii

155 4071 266 4114 nomen
290 4053 427 4114 ementiri
450 4051 617 4124 videantur,
639 4051 671 4110 in
695 4051 817 4130 reliquis
840 4070 915 4130 quae
937 4050 1087 4130 pendeant
1110 4069 1145 4110 ex
1167 4059 1299 4110 actorum

223 4269 255 4336 ¹⁴)
274 4271 315 4320 vd.
335 4269 364 4320 fl.
385 4270 489 4320 Jordan.
508 4267 617 4336 Topogr.
636 4267 706 4319 Rom
726 4267 779 4320 vol.
798 4266 827 4331 ll,
846 4283 868 4333 p.
884 4267 947 4330 4483
965 4265 1156 4318 Friedlaender.
1179 4268 1196 4316 l.
1210 4266 1227 4315 l.
1248 4265 1300 4316 vol.

152 4349 188 4415 1⁵,
206 4369 228 4418 p.
248 4351 289 4402 24.
