3086 5110
745 415 966 478 ..16-

283 593 455 674 persuadet,
490 589 596 652 adduci
622 607 684 652 non
712 608 833 670 possum
863 599 896 652 ut
924 609 1039 671 sequar.
1084 591 1205 654 Minime
1241 594 1337 654 enim
1373 595 1462 656 illum

282 692 457 773 principem,
481 708 548 750 cum
561 707 665 769 parcus
682 707 737 749 nec
752 707 819 750 raro
836 689 879 750 vel
895 677 1106 752 avarusloisse
1123 691 1276 774 tradatur,
1296 693 1364 754 tale
1383 713 1461 774 opus

283 791 320 850 de
347 809 400 852 sua
429 789 553 869 pecunia
582 789 793 850 exstruendum
822 807 939 850 curasse
969 789 1155 862 crediderim,
1185 790 1313 870 quippe
1339 793 1397 872 qui
1423 811 1460 853 ne

282 888 394 948 Romae
423 888 541 968 quidem
571 905 659 966 opera
693 886 846 964 magnilica
881 886 1092 965 perliceret²⁸).
1137 888 1195 948 Sed
1223 897 1307 949 utut
1341 910 1394 951 res
1428 910 1460 951 se

283 986 379 1060 babet,
403 988 459 1048 hoo
475 995 601 1058 constat,
624 984 735 1046 Tiberii
757 992 851 1046 aetate
874 985 988 1064 Capuae
1011 987 1153 1065 templum
1177 987 1256 1048 lovis
1284 989 1460 1069 Capitolini

281 1083 444 1159 tineaeve.
478 1083 521 1144 Ex
545 1083 608 1144 Silii
629 1083 725 1143 verbis
742 1082 846 1144 Cestan
869 1103 897 1162 p.
914 1083 964 1145 65.
990 1085 1115 1146 751000
1140 1085 1270 1146 editiore
1295 1089 1457 1168 templum

284 1184 403 1244 stetisse
431 1181 582 1243 concludit
609 1199 705 1261 neque
733 1181 816 1242 aliter
838 1181 948 1243 iudicat
969 1180 1196 1262 Belocbius29l).
1243 1184 1318 1263 Ego
1346 1195 1457 1246 eontra

282 1299 378 1342 meras
412 1298 476 1341 esse
509 1298 603 1358 nugas
637 1289 717 1359 puto,
751 1279 843 1358 siquis
878 1299 913 1340 ex
941 1289 1045 1358 poetae
1080 1281 1176 1342 verbis
1206 1282 1285 1343 illud
1327 1285 1455 1346 efficere

283 1379 363 1440 velit.
402 1379 490 1440 Silius
514 1379 593 1438 enim
617 1378 770 1440 materiam
788 1377 957 1438 historicam
981 1398 1016 1438 ex
1031 1379 1113 1440 Livio
1137 1381 1363 1460 depromptam
1390 1381 1454 1443 suis

190 1545 193 1552 ,
283 1477 377 1556 ipsius
400 1476 621 1537 inventionibus
645 1476 767 1556 poeticis
790 1475 909 1537 miscuit
931 1485 1018 1556 atque
1041 1487 1216 1539 ornamento
1233 1481 1452 1559 mythologico

286 1595 321 1637 ex
337 1574 460 1652 Vergilio
485 1575 641 1648 maximam
659 1585 771 1654 partem
796 1576 902 1636 hausto
925 1593 980 1636 nec
1000 1595 1068 1636 raro
1086 1577 1161 1638 male
1177 1577 1318 1640 adbibito
1338 1580 1452 1640 detur-

286 1673 365 1752 pavit
376 1686 463 1752 atque
472 1673 606 1764 confudit
615 1671 663 1752 ³⁰).
679 1674 781 1752 ltaque
793 1673 864 1734 illud
878 1672 954 1734 Silii:
973 1684 1160 1742 „monstrant
1172 1676 1322 1754 Capitolia
1337 1677 1449 1747 celsa“‚
1516 1699 1517 1760 ᾗ

284 1791 351 1834 curn
375 1779 490 1852 spectet
513 1773 549 1832 ad
574 1772 677 1850 Vergil.
723 1773 796 1832 Aen.
820 1773 838 1834 l.
863 1771 925 1832 Vlll
949 1771 1026 1832 653:
1051 1773 1167 1846 „stabat
1189 1793 1243 1854 pro
1266 1775 1394 1854 templo
1420 1780 1450 1834 et
1516 1843 1517 1848 η

289 1869 428 1950 Capitolia
444 1869 519 1930 celsa
535 1869 686 1940 tenebat‘,
710 1869 758 1930 ille
774 1877 858 1949 poeta
875 1869 962 1930 nobis
985 1871 1069 1932 testis
1092 1872 1355 1951 locupletissimus
1381 1891 1447 1933 esse

285 1969 396 2048 nequit.
433 1969 553 2030 Accedit
569 1969 648 2048 quod
672 1969 792 2048 antiqua
808 1969 906 2048 Capua
929 1979 992 2030 erat
1007 1979 1067 2030 tota
1083 1970 1115 2030 in
1131 1972 1260 2050 planitie,
1286 1973 1345 2034 ubi
1363 1988 1447 2032 nunc

286 2069 315 2130 S.
339 2066 429 2128 Maria
453 2067 482 2128 di
498 2067 605 2147 Capua,
629 2087 687 2146 quo
711 2067 744 2128 fit
767 2075 801 2128 ut
817 2067 994 2148 Capitolium
1017 2068 1049 2128 in
1065 2070 1187 2149 planitie
1210 2071 1308 2132 luisse
1334 2089 1444 2132 cense-

283 2187 377 2228 amus.
422 2167 565 2227 Perverse
588 2174 688 2228 autem
711 2166 867 2226 Belochius
889 2166 1035 2245 templum
1057 2167 1088 2229 in
1113 2169 1227 2228 excelso
1250 2169 1319 2229 loco
1346 2168 1444 2250 fuisse

284 2285 352 2327 cum
375 2265 447 2326 Silio
472 2272 592 2325 auctore
614 2265 669 2325 sibi
694 2266 866 2344 persuadeat
887 2283 986 2344 neque
1008 2266 1085 2326 intra
1108 2266 1208 2345 oppidi
1224 2285 1331 2328 muros
1356 2264 1441 2326 collis

285 2364 462 2445 reperietur,
485 2363 558 2424 illud
570 2371 650 2424 extra
667 2363 772 2424 urbem
787 2364 819 2424 in
834 2363 953 2424 Tifatini
971 2364 1078 2424 montis
1094 2364 1240 2426 radicibus
1256 2366 1441 2445 ponendum

284 2463 388 2526 statuit
397 2461 445 2543 8²).
491 2462 577 2534 Quod
601 2481 660 2540 qno
684 2462 789 2522 melius
812 2462 917 2540 probet
939 2461 1083 2534 Tacitum,
1107 2461 1158 2541 qui
1184 2463 1334 2542 templum
1350 2460 1439 2543 ¹apud

284 2563 413 2642 Capuam
437 2561 497 2620 lovi
519 2560 669 2621 Tiberium
703 2561 855 2622 dedicasse
885 2559 933 2633 ait,
964 2561 1000 2620 ad
1029 2568 1127 2639 partes
1156 2579 1225 2622 suas
1254 2571 1353 2624 vocat.
1402 2560 1439 2618 tt

282 2661 331 2722 ille
347 2679 413 2721 cum
431 2659 502 2720 dicit
519 2659 662 2738 „apud“
685 2659 813 2739 Capuam
830 2659 907 2719 idem
924 2658 1068 2736 significat
1084 2659 1163 2738 quod
1180 2659 1355 2732 Suetonius,
1380 2659 1399 2720 i.
1413 2675 1436 2716 e.

284 2761 413 2838 Capuae3
436 2757 656 2837 praepositione
680 2757 759 2818 enim
781 2757 857 2836 apud
885 2756 1057 2835 saepissime
1084 2757 1188 2829 utitur,
1219 2757 1269 2818 ubi
1296 2777 1356 2820 nos
1386 2775 1436 2818 ex·

284 2865 485 2938 spectaremus
502 2856 588 2930 ,‚in“
612 2857 709 2917 autin
727 2855 897 2916 nominihus
914 2855 1090 2934 oppidorum
1108 2855 1272 2917 secundum
1287 2873 1434 2935 praecep·

284 2965 349 3018 tum
380 2956 549 3034 genetivum
561 2953 607 3035 33).
654 2955 735 3028 Quae
765 2954 867 3034 opinio
899 2972 994 3032 quam.
1015 2954 1087 3017 falsa
1114 2954 1153 3014 sit
1183 2955 1246 3016 solo
1277 2974 1314 3017 ex
1337 2956 1431 3016 inter·

352 3077 386 3138 ²⁸)
405 3075 436 3126 ol.
456 3077 560 3126 Sueten.
578 3091 604 3127 v.
623 3074 679 3125 Tib.
699 3091 720 3124 e.
739 3074 781 3124 47.

352 3156 396 3218 ²⁰⁸)
414 3156 501 3221 Neque
528 3171 591 3208 vero
615 3156 674 3220 quid
698 3155 747 3206 sibi
771 3154 838 3206 velit
861 3154 994 3204 Belocbius
1013 3155 1144 3218 intelligo,
1168 3170 1223 3204 cum
1246 3163 1351 3208 censeat
1374 3153 1432 3206 inde

283 3239 348 3305 quod
373 3239 453 3290 Silius
480 3237 575 3288 bellum
598 3235 720 3287 Punicum
743 3236 891 3288 describens
914 3235 1036 3301 Capitolii
1058 3237 1216 3300 meminerit,
1244 3237 1309 3286 illud
1332 3238 1431 3302 Capuae

282 3319 363 3370 luisse
382 3329 514 3386 antequam
533 3319 637 3370 Romani
655 3317 742 3368 urbem
762 3333 822 3368 suae
841 3318 947 3369 ditionis
965 3317 1080 3368 lacerent
1106 3333 1236 3384 apparere.
1273 3317 1325 3368 lloe
1350 3318 1431 3381 igitur

187 3448 188 3451 ,
284 3403 419 3452 tenendum
442 3401 600 3468 temporibus
623 3399 721 3465 Capuae
745 3399 843 3450 liberae
866 3399 1020 3465 Capitolium
1044 3399 1177 3449 exstitisse
1200 3413 1215 3448 a
1237 3399 1308 3449 nullo
1328 3401 1430 3450 demon·

285 3485 368 3534 strari
386 3499 468 3549 posse.

352 3563 397 3625 ”bl
416 3564 494 3616 Liber
513 3563 568 3613 eius
587 3563 755 3614 inscribitur:
775 3561 960 3630 Topographie‚
979 3562 1131 3614 Gescbicbte
1148 3563 1198 3612 und
1211 3561 1296 3612 Leben
1314 3565 1360 3614 der
1374 3561 1429 3613 Um·

284 3647 384 3713 gebung
402 3645 512 3712 Neupels
530 3645 564 3696 im
582 3646 721 3708 Altertom,
742 3645 811 3710 Lips.
833 3645 906 3696 1879.
942 3645 1002 3695 vide
1021 3643 1090 3696 inira
1108 3645 1165 3694 adn.
1184 3645 1224 3694 32.

351 3731 382 3793 ⁸⁰)
401 3727 433 3779 cf.
458 3728 492 3778 lo.
517 3727 714 3778 Schlichteiseni
741 3727 948 3778 dissertationem
975 3728 1005 3778 de
1032 3727 1081 3776 fide
1103 3727 1229 3778 historica
1260 3725 1318 3778 Silii
1345 3724 1427 3777 ltalic'

283 3810 447 3876 (Regimontii
465 3825 488 3859 a.
509 3809 593 3868 1881).

353 3893 384 3956 ⁸¹)
403 3889 435 3942 el.
455 3891 507 3941 Cic.
527 3891 550 3940 d.
569 3889 626 3953 loge
644 3905 698 3954 ugr.
717 3887 739 3940 ll
757 3905 779 3940 e.
798 3889 830 3940 35
848 3888 910 3955 §96
928 3889 1013 3957 Capua
1030 3890 1180 3956 planissimo
1193 3889 1219 3940 in
1231 3889 1288 3940 loeo
1302 3889 1428 3956 explicata

283 3991 314 4026 ae
332 3972 536 4040 praeclarissime
555 3971 613 4022 sita.

352 4057 383 4118 ⁸²)
402 4053 435 4106 cl.
445 4055 464 4104 l.
474 4071 494 4104 c.
505 4070 528 4120 p.
539 4053 601 4104 360:
621 4055 665 4104 das
675 4051 780 4120 liapitol
796 4054 839 4118 lag
848 4055 902 4106 also
918 4054 1064 4106 aulserbalb
1075 4053 1121 4103 der
1130 4051 1212 4102 Stadt.
1248 4051 1297 4102 Sin
1308 4049 1338 4102 ll.
1349 4051 1375 4102 iu
1384 4051 1427 4099 der

285 4137 372 4190 utana
391 4137 490 4186 ldnnen
508 4136 558 4185 wir
576 4151 623 4185 uns
642 4151 691 4185 nun
710 4137 810 4186 schwer
828 4137 979 4202 vorstellen,
997 4137 1048 4186 und
1066 4135 1092 4186 in
1111 4135 1157 4184 dar
1174 4132 1241 4183 Tbat
1257 4135 1366 4196 tezaugt
1383 4143 1427 4180 uns

283 4219 363 4270 Silius
391 4218 432 4268 die
458 4217 527 4280 Lege
553 4216 599 4268 aul
622 4218 694 4268 einer
724 4217 800 4267 lldhe.
840 4218 888 4268 Die
914 4219 1018 4268 ntichsta
1037 4217 1174 4282 Erhdbung
1201 4217 1246 4267 des
1264 4217 1361 4266 bodens
1388 4207 1426 4261 bai

283 4301 368 4366 Capua
387 4299 444 4350 sind
462 4299 523 4350 aber
540 4299 582 4350 die
600 4299 732 4362 Vorhiigel
749 4300 793 4350 des
812 4297 912 4364 Tifata,
935 4299 986 4350 und
1004 4299 1104 4349 bierbiu
1128 4299 1194 4348 wird
1212 4299 1268 4348 also
1286 4297 1332 4346 das
1350 4293 1380 4346 li.
1399 4305 1427 4340 zu

283 4391 369 4434 setzen
390 4382 453 4432 sain.

353 4463 386 4530 ⁸⁸)
403 4462 451 4514 llic
473 4462 671 4530 praepositionis
697 4477 759 4512 usus
781 4479 830 4512 non
855 4461 984 4528 reperitur
1008 4461 1035 4512 in
1054 4459 1139 4512 Taciti
1157 4461 1263 4527 seriptis
1280 4459 1425 4515 minoribus,
