3114 5110
707 273 930 337 ..12-

247 453 441 516 relationibus
470 451 612 532 exemplis
639 471 702 513 rem
726 451 796 514 item
819 471 852 513 sc
875 451 983 514 habere
1005 452 1031 514 si
1057 469 1119 514 non
1141 459 1255 514 certum
1278 451 1391 514 otveri

248 555 345 616 simile
368 573 432 614 esse
455 551 629 634 putaverim.

333 653 458 714 Exstant
480 660 579 712 autem
603 659 719 730 praeter
743 669 775 712 ea
799 669 874 729 quae
897 651 986 712 modo
1010 650 1070 712 dixi
1085 657 1218 712 actorum
1235 651 1288 711 SS.
1305 651 1389 712 testi-

248 751 359 813 moniis
408 749 549 828 Capitolia
600 748 709 810 Nola'e
759 746 1156 828 Abellinillava1nnae
1199 749 1391 828 Aquileiae

247 850 399 912 Brixiae
421 848 590 911 Nemausi
613 847 736 908 Remis
759 847 934 909 Treveris
951 849 1138 927 Augustae
1154 847 1391 912 Vindelicum

248 951 450 1012 Caesareae
472 949 509 1009 in
532 947 773 1028 Cappadocia.

333 1049 393 1110 lam
417 1055 554 1127 superest
580 1055 613 1107 ut
635 1046 671 1107 de
696 1047 802 1126 quinto
825 1046 953 1108 fontium
976 1063 1086 1123 genere
1115 1064 1207 1126 pauca
1237 1048 1325 1110 rerba
1346 1049 1393 1110 la-

248 1149 370 1210 ciamus.
415 1146 545 1225 Antiqua
568 1145 646 1206 enirn
670 1145 813 1222 religione
828 1145 972 1207 exstincta
988 1163 1055 1206 cunr
1071 1146 1180 1224 templa
1197 1154 1248 1206 ant
1262 1146 1293 1207 in
1309 1167 1393 1208 com-

248 1265 370 1309 munem
396 1263 483 1306 usum
511 1251 562 1305 aut
587 1245 619 1304 in
648 1244 784 1305 ecclesias
814 1263 954 1305 conversa
983 1253 1094 1316 essent,
1122 1244 1257 1322 Capitolii
1279 1263 1392 1307 nomen

249 1349 323 1409 adeo
346 1337 501 1422 in‘lingua
524 1343 637 1422 vulgari
659 1343 750 1422 viguit
773 1351 802 1404 et
824 1343 860 1403 ad
883 1344 945 1404 loca
969 1343 1088 1420 antiqua
1112 1343 1252 1416 adhaesit,
1277 1351 1394 1406 utnon

249 1448 345 1508 solnm
378 1445 467 1506 medii
501 1444 562 1504 aevi
597 1444 782 1523 emptionum
816 1443 1073 1523 sponsionumque
1106 1442 1314 1505 instrumentis
1342 1457 1395 1508 aut

248 1544 404 1606 annalibus
434 1551 686 1604 commemoretur
720 1543 772 1602 sed
808 1542 979 1602 etiamnunc
1012 1541 1048 1601 ad
1083 1541 1220 1602 ccclesias
1250 1543 1394 1621 quasdam

248 1652 365 1704 sanctae
388 1643 495 1704 Mariae
517 1643 722 1721 significandas
750 1642 781 1702 in
810 1659 867 1702 usu
889 1641 937 1702 sit.
982 1640 1091 1701 Rornae
1120 1641 1200 1702 enirn
1231 1641 1260 1702 S.
1284 1642 1394 1706 Mariae

248 1743 370 1804 ecclesia
394 1761 469 1821 quae
491 1761 573 1802 rrunc
596 1741 704 1802 dicitur
726 1741 757 1801 in
781 1759 830 1802 ara
853 1740 923 1800 caeli
936 1739 1004 1800 inde
1020 1739 1056 1800 ab
1071 1740 1188 1800 saeculo
1204 1759 1283 1800 nono
1299 1760 1395 1822 usque

248 1843 283 1902 ad
313 1841 461 1902 decimum
490 1841 612 1902 tertium
642 1861 664 1901 s.
694 1839 783 1900 lllaria
813 1841 844 1900 in
873 1839 1014 1918 Capitolio
1041 1839 1250 1917 dicebaturlll.
1310 1843 1394 1914 Quae

249 1959 429 2020 quamquam
454 1959 516 2001 non
538 1940 594 2000 fuit
616 1941 680 2000 loco
704 1939 839 2018 Capitolii
862 1939 913 1998 sed
930 1939 1015 2009 arcis,
1038 1937 1174 2017 Capitolii
1189 1956 1300 2002 nomen
1324 1960 1393 2002 cum

247 2048 328 2101 totus
352 2057 439 2101 mons
462 2057 523 2100 non
546 2058 614 2100 raro
636 2039 675 2098 ita
700 2037 913 2116 significaretur
927 2045 1007 2098 recte
1022 2038 1156 2098 servavit.
1201 2037 1268 2098 Non
1292 2039 1394 2102 minus

247 2139 338 2216 igitur
360 2146 438 2199 certa
465 2139 580 2198 ratione
613 2137 691 2198 idem
723 2138 758 2198 de
787 2136 916 2197 ecclesiis
944 2155 968 2196 s.
991 2135 1098 2197 Mariae
1126 2155 1201 2216 quae
1230 2146 1303 2200 sunt
1324 2140 1394 2201 Flo-

247 2237 359 2298 rentiae
383 2244 412 2297 et
435 2237 573 2298 Coloniae
596 2236 745 2315 Agrippia.
770 2244 945 2297 statuemus.
991 2234 1065 2296 Cum
1090 2236 1171 2296 enim
1199 2238 1278 2316 quod
1302 2238 1394 2300 sciam

247 2336 317 2396 inde
347 2355 362 2395 a
392 2335 507 2395 saeculo
532 2335 691 2394 undecimo
715 2335 866 2412 usquead
890 2334 969 2393 bunc
991 2333 1069 2394 diem
1094 2352 1259 2412 cognomen
1282 2337 1314 2396 in
1338 2338 1395 2399 Ca·

247 2435 351 2515 pitolio
375 2451 443 2513 prae
466 2453 498 2493 so
521 2434 625 2504 lerant,
648 2435 744 2492 lacere
768 2451 827 2491 non
845 2449 1003 2510 possumus
1019 2432 1092 2510 quin
1108 2451 1219 2494 nomen
1236 2435 1395 2515 antiquum

247 2534 374 2612 viguisse
400 2551 499 2612 neque
530 2552 565 2592 eo
587 2533 651 2610 ipso
674 2541 808 2610 tempore
830 2531 908 2590 illam
939 2530 1184 2608 significationem
1207 2541 1304 2594 ortam
1328 2554 1396 2596 esse

249 2633 461 2692 existimemus.
506 2631 608 2708 Neque
637 2629 728 2701 enim,
755 2630 834 2708 quod
865 2638 933 2690 ante
961 2629 991 2690 id
1020 2638 1137 2709 tempus
1165 2650 1227 2692 non
1248 2633 1395 2696 habemns

247 2731 334 2791 istius
358 2730 437 2790 modi
461 2729 640 2800 testimonia,
663 2728 735 2788 illud
758 2747 923 2806 cognomen
940 2729 1003 2789 eius
1019 2729 1080 2790 aevi
1096 2749 1112 2790 a
1129 2731 1281 2793 monachis
1297 2733 1396 2795 doctis

247 2831 403 2892 inventurn
428 2849 492 2891 esse
515 2849 573 2910 quo
598 2829 739 2890 maiorem
756 2829 959 2889 auctoritatem
977 2827 1108 2889 ecclesiis
1128 2828 1296 2892 tribuerent
1312 2842 1395 2894 certo

247 2931 403 3010 quisquam
427 2927 647 3011 probaverit¹⁶).

316 3105 346 3166 ¹⁵)
366 3105 406 3154 vd.
426 3104 454 3152 ll.
475 3103 579 3152 Jordan.
595 3100 706 3165 Topogr.
724 3099 794 3148 llom.
813 3100 865 3150 vol.
882 3099 912 3163 ll,
932 3117 954 3166 p.
974 3101 1037 3164 3663
1057 3101 1103 3164 12,
1122 3118 1145 3168 p.
1166 3102 1214 3152 112
1228 3131 1261 3138 -
1274 3118 1296 3154 e.
1311 3120 1333 3168 g.
1350 3105 1391 3154 bic

247 3188 325 3238 ah'ero
344 3188 456 3236 chartam
476 3184 534 3232 anui
556 3183 665 3240 1152s53
685 3182 748 3248 apud
762 3183 890 3232 Pertzium
910 3182 976 3232 Mon.
990 3183 1045 3237 Vlll
1064 3200 1086 3249 p.
1101 3185 1159 3248 tot,
1174 3187 1200 3234 5:
1220 3185 1330 3236 loannes
1341 3184 1387 3234 llo-

247 3286 335 3320 manns
349 3268 391 3334 qui
404 3265 490 3316 luerat
501 3265 637 3314 monachus
649 3302 653 3313 .
665 3301 671 3312 .
683 3301 688 3311 .
702 3271 729 3314 et
741 3271 799 3329 post
811 3264 888 3314 abbas
901 3272 988 3314 sancte
1002 3263 1084 3315 llarie
1097 3266 1124 3314 in
1136 3265 1263 3332 Capitolio
1273 3265 1391 3318 Romano.

316 3351 348 3413 18)
375 3347 480 3398 Maximi
504 3353 574 3395 esset
597 3346 729 3408 monenti,
757 3345 780 3394 si
804 3346 860 3410 quis
878 3347 1024 3396 accuratius
1043 3362 1105 3412 quae
1123 3363 1171 3412 qua
1188 3355 1273 3397 aetate
1291 3349 1393 3414 antiqua

247 3433 339 3498 templa
353 3432 378 3479 in
392 3429 516 3480 ecclesias
529 3435 744 3477 converterentur
758 3427 942 3491 quaesivissem
962 3443 1143 3494 saepenumero
1156 3429 1222 3478 euim
1236 3430 1394 3480 occurrimus

247 3516 281 3564 iis
300 3514 343 3578 qui
361 3529 408 3560 nuc
428 3519 552 3576 tamquam
572 3509 626 3558 ictu
643 3509 793 3572 religionem
817 3510 945 3574 antiquam
964 3509 1091 3560 sublatam
1110 3511 1252 3576 templaque
1271 3511 1395 3562 ecclesias

247 3595 314 3646 facta
333 3609 391 3644 esso
409 3598 536 3642 censeant.
574 3590 645 3656 Quod
664 3592 722 3640 inde
741 3608 756 3640 a
774 3592 876 3641 saeculo
896 3598 970 3640 sexto
989 3591 1047 3642 fieri
1065 3592 1170 3642 solitum
1188 3593 1315 3657 concedo,
1334 3601 1394 3642 ante

247 3677 313 3728 illud
337 3683 435 3739 tempus
453 3673 555 3738 saepius
579 3671 673 3722 lactum
693 3688 763 3736 nego.
809 3672 908 3723 Primae
928 3673 1026 3738 quidem
1045 3673 1171 3724 ecclesiae
1188 3674 1254 3724 hand
1274 3675 1348 3724 dnbio
1368 3675 1394 3724 in

247 3757 415 3808 laudamentis
429 3755 579 3820 templorum
591 3771 639 3804 non
650 3755 807 3805 constitutae
818 3761 884 3804 sunt.
905 3753 1058 3820 Quamquam
1068 3755 1134 3805 enim
1145 3756 1237 3818 religio
1248 3756 1395 3806 Christiana

247 3840 347 3906 publica
366 3836 433 3888 lacta
454 3843 510 3888 erat
535 3837 593 3886 inde
617 3853 630 3886 a
649 3837 816 3887 Constantino
839 3843 970 3900 regnanto,
993 3843 1076 3886 tamen
1099 3851 1178 3902 nsque
1202 3838 1233 3886 ad
1254 3837 1394 3888 Theodosii

248 3921 331 3986 anagni
349 3927 468 3982 aetatem,
486 3919 504 3968 i.
517 3935 538 3969 e.
552 3921 583 3969 ad
602 3935 624 3968 a.
637 3919 687 3968 379
706 3919 809 3984 antiqua
828 3919 920 3983 templa
940 3919 996 3982 plus
1014 3919 1097 3968 minus
1110 3927 1215 3971 servata
1228 3927 1295 3970 sunt.
1323 3919 1393 3984 Quae

247 4004 328 4070 primu
351 4001 534 4051 claudebantur
556 4001 650 4066 templa
676 4001 702 4050 in
726 4001 827 4051 oriente
854 4001 947 4065 partim
974 4007 1079 4066 propter
1102 4001 1185 4051 cultus
1211 4001 1393 4067 turpitudinem

247 4085 348 4134 sublata
380 4083 472 4149 partim
504 4099 517 4132 a
549 4082 703 4132 Christianis
737 4082 867 4132 destructi
899 4089 966 4132 sunt.
1011 4082 1071 4132 Cum
1093 4089 1177 4132 autem
1204 4084 1296 4148 templa
1320 4082 1392 4133 adire

248 4174 274 4216 et
300 4164 447 4215 sacrificare
473 4165 563 4231 pagani
587 4169 751 4228 vetarentur,
776 4163 870 4227 templa
897 4164 952 4228 ipsa
979 4178 1009 4212 ne
1033 4164 1182 4214 delerentur
1209 4163 1320 4215 decretis
1346 4165 1392 4214 im·

247 4255 393 4313 paratorum
411 4247 549 4298 identidem
570 4253 671 4298 cautum
689 4253 737 4310 est,
756 4244 788 4296 cf.
807 4246 861 4295 cod.
881 4243 977 4295 Thcod.
997 4245 1060 4298 XVI
1081 4247 1119 4310 lo,
1140 4248 1186 4307 153
1208 4247 1246 4296 18.
1277 4248 1350 4296 Anno
1370 4263 1392 4313 p.

248 4328 307 4381 Chr.
325 4329 374 4379 408
398 4329 524 4380 Arcadius
546 4329 674 4380 llonorius
701 4327 859 4379 Theodosius
885 4327 942 4392 lege
970 4335 1113 4379 sanxerunt
1138 4335 1167 4378 ut
1192 4329 1309 4380 aedilicia
1336 4329 1393 4395 ipsa
