<?xml version="1.0" encoding="UTF-8"?>
<!DOCTYPE html PUBLIC "-//W3C//DTD XHTML 1.0 Transitional//EN"
    "http://www.w3.org/TR/xhtml1/DTD/xhtml1-transitional.dtd">
<html xmlns="http://www.w3.org/1999/xhtml" xml:lang="en" lang="en">
 <head>
  <title>
</title>
<meta http-equiv="Content-Type" content="text/html;charset=utf-8" />
  <meta name='ocr-system' content='tesseract 3.04.00' />
  <meta name='ocr-capabilities' content='ocr_page ocr_carea ocr_par ocr_line ocrx_word'/>
</head>
<body>
  <div class='ocr_page' id='page_1' title='image "./decapitoliisimp01kuhfgoog_0057.png"; bbox 0 0 3086 5110; ppageno 0'>
   <div class='ocr_carea' id='block_1_1' title="bbox 728 349 948 412">
    <p class='ocr_par' dir='ltr' id='par_1_1' title="bbox 728 349 948 412">
     <span class='ocr_line' id='line_1_1' title="bbox 728 349 948 412; baseline -0.014 -16"><span class='ocrx_word' id='word_1_1' title='bbox 728 349 948 412; x_wconf 72' lang='lat'><strong>..48„.</strong></span> 
     </span>
    </p>
   </div>
   <div class='ocr_carea' id='block_1_2' title="bbox 233 525 1448 3870">
    <p class='ocr_par' dir='ltr' id='par_1_2' title="bbox 233 525 1448 3870">
     <span class='ocr_line' id='line_1_2' title="bbox 268 525 1418 607; baseline -0.002 -19"><span class='ocrx_word' id='word_1_2' title='bbox 268 526 388 589; x_wconf 89' lang='lat' dir='ltr'><strong>Patavio</strong></span> <span class='ocrx_word' id='word_1_3' title='bbox 416 527 451 588; x_wconf 95' lang='lat' dir='ltr'><strong>ad</strong></span> <span class='ocrx_word' id='word_1_4' title='bbox 479 525 691 605; x_wconf 75' lang='lat' dir='ltr'><strong>Apollodorum</strong></span> <span class='ocrx_word' id='word_1_5' title='bbox 714 525 827 588; x_wconf 77' lang='lat' dir='ltr'><strong>Africae</strong></span> <span class='ocrx_word' id='word_1_6' title='bbox 854 525 1063 607; x_wconf 82' lang='lat' dir='ltr'><strong>proconsulem</strong></span> <span class='ocrx_word' id='word_1_7' title='bbox 1096 525 1226 588; x_wconf 88' lang='lat' dir='ltr'><strong>edictum</strong></span> <span class='ocrx_word' id='word_1_8' title='bbox 1249 525 1418 586; x_wconf 90' lang='lat' dir='ltr'><strong>miserunt:</strong></span> 
     </span>
     <span class='ocr_line' id='line_1_3' title="bbox 267 624 1419 688; baseline -0.003 0"><span class='ocrx_word' id='word_1_9' title='bbox 267 626 374 688; x_wconf 91' lang='lat' dir='ltr'><strong>aedes</strong></span> <span class='ocrx_word' id='word_1_10' title='bbox 401 624 554 686; x_wconf 80' lang='lat' dir='ltr'><strong>illicitis</strong></span> <span class='ocrx_word' id='word_1_11' title='bbox 576 626 688 688; x_wconf 90' lang='lat' dir='ltr'><strong>rebus</strong></span> <span class='ocrx_word' id='word_1_12' title='bbox 709 644 844 688; x_wconf 88' lang='lat' dir='ltr'><strong>vacuas</strong></span> <span class='ocrx_word' id='word_1_13' title='bbox 871 633 1084 688; x_wconf 89' lang='lat' dir='ltr'><strong>nostrarum</strong></span> <span class='ocrx_word' id='word_1_14' title='bbox 1113 624 1301 686; x_wconf 85' lang='lat' dir='ltr'><strong>beneficio</strong></span> <span class='ocrx_word' id='word_1_15' title='bbox 1328 643 1419 686; x_wconf 90' lang='lat' dir='ltr'><strong>san-</strong></span> 
     </span>
     <span class='ocr_line' id='line_1_4' title="bbox 268 721 1448 804; baseline -0.003 -17"><span class='ocrx_word' id='word_1_16' title='bbox 268 724 443 787; x_wconf 91' lang='lat' dir='ltr'><strong>ctionum</strong></span> <span class='ocrx_word' id='word_1_17' title='bbox 466 724 617 804; x_wconf 87' lang='lat' dir='ltr'><strong>nequis</strong></span> <span class='ocrx_word' id='word_1_18' title='bbox 645 733 803 787; x_wconf 90' lang='lat' dir='ltr'><strong>conetur</strong></span> <span class='ocrx_word' id='word_1_19' title='bbox 830 733 1014 797; x_wconf 80' lang='lat' dir='ltr'><strong>evertere3</strong></span> <span class='ocrx_word' id='word_1_20' title='bbox 1044 724 1280 786; x_wconf 88' lang='lat' dir='ltr'><strong>decernimus</strong></span> <span class='ocrx_word' id='word_1_21' title='bbox 1303 723 1417 792; x_wconf 80' lang='lat' dir='ltr'><strong>enim.</strong></span> <span class='ocrx_word' id='word_1_22' title='bbox 1445 721 1448 726; x_wconf 80' lang='lat'>&#39;</span> 
     </span>
     <span class='ocr_line' id='line_1_5' title="bbox 267 822 1417 903; baseline -0.003 -18"><span class='ocrx_word' id='word_1_23' title='bbox 267 833 306 886; x_wconf 89' lang='lat' dir='ltr'><strong>ut</strong></span> <span class='ocrx_word' id='word_1_24' title='bbox 339 822 610 884; x_wconf 83' lang='lat' dir='ltr'><strong>aedificiorum</strong></span> <span class='ocrx_word' id='word_1_25' title='bbox 645 823 792 903; x_wconf 91' lang='lat' dir='ltr'><strong>quidem</strong></span> <span class='ocrx_word' id='word_1_26' title='bbox 827 824 878 887; x_wconf 88' lang='lat' dir='ltr'><strong>sit</strong></span> <span class='ocrx_word' id='word_1_27' title='bbox 911 823 1057 902; x_wconf 88' lang='lat' dir='ltr'><strong>integer</strong></span> <span class='ocrx_word' id='word_1_28' title='bbox 1091 831 1233 896; x_wconf 89' lang='lat' dir='ltr'><strong>status,</strong></span> <span class='ocrx_word' id='word_1_29' title='bbox 1268 823 1298 884; x_wconf 91' lang='lat' dir='ltr'><strong>si</strong></span> <span class='ocrx_word' id='word_1_30' title='bbox 1330 823 1417 902; x_wconf 92' lang='lat' dir='ltr'><strong>quis</strong></span> 
     </span>
     <span class='ocr_line' id='line_1_6' title="bbox 267 921 1417 1003; baseline -0.001 -21"><span class='ocrx_word' id='word_1_31' title='bbox 267 942 350 984; x_wconf 91' lang='lat' dir='ltr'><strong>vero</strong></span> <span class='ocrx_word' id='word_1_32' title='bbox 381 922 580 984; x_wconf 84' lang='lat' dir='ltr'><strong>sacrificio</strong></span> <span class='ocrx_word' id='word_1_33' title='bbox 613 923 735 984; x_wconf 83' lang='lat' dir='ltr'><strong>luerit</strong></span> <span class='ocrx_word' id='word_1_34' title='bbox 767 923 1051 1003; x_wconf 90' lang='lat' dir='ltr'><strong>deprehensus,</strong></span> <span class='ocrx_word' id='word_1_35' title='bbox 1087 924 1123 984; x_wconf 91' lang='lat' dir='ltr'><strong>in</strong></span> <span class='ocrx_word' id='word_1_36' title='bbox 1156 941 1238 984; x_wconf 91' lang='lat' dir='ltr'><strong>cum</strong></span> <span class='ocrx_word' id='word_1_37' title='bbox 1273 921 1417 999; x_wconf 85' lang='lat' dir='ltr'><strong>legibus</strong></span> 
     </span>
     <span class='ocr_line' id='line_1_7' title="bbox 268 1020 1417 1102; baseline 0 -22"><span class='ocrx_word' id='word_1_38' title='bbox 268 1020 553 1096; x_wconf 70' lang='lat' dir='ltr'><strong>vindicetur¹⁷⁹h</strong></span> <span class='ocrx_word' id='word_1_39' title='bbox 610 1022 695 1082; x_wconf 85' lang='lat' dir='ltr'>Unde</span> <span class='ocrx_word' id='word_1_40' title='bbox 729 1022 799 1082; x_wconf 91' lang='lat' dir='ltr'><strong>satis</strong></span> <span class='ocrx_word' id='word_1_41' title='bbox 833 1040 983 1102; x_wconf 81' lang='lat' dir='ltr'>superque</span> <span class='ocrx_word' id='word_1_42' title='bbox 1017 1040 1159 1102; x_wconf 88' lang='lat' dir='ltr'><strong>apparere</strong></span> <span class='ocrx_word' id='word_1_43' title='bbox 1190 1021 1313 1090; x_wconf 88' lang='lat' dir='ltr'><strong>videtur,</strong></span> <span class='ocrx_word' id='word_1_44' title='bbox 1348 1039 1417 1080; x_wconf 91' lang='lat' dir='ltr'><strong>cum</strong></span> 
     </span>
     <span class='ocr_line' id='line_1_8' title="bbox 268 1119 1420 1201; baseline 0.001 -21"><span class='ocrx_word' id='word_1_45' title='bbox 268 1121 374 1200; x_wconf 89' lang='lat' dir='ltr'><strong>pagani</strong></span> <span class='ocrx_word' id='word_1_46' title='bbox 404 1120 461 1182; x_wconf 93' lang='lat' dir='ltr'><strong>diis</strong></span> <span class='ocrx_word' id='word_1_47' title='bbox 494 1121 658 1182; x_wconf 86' lang='lat' dir='ltr'><strong>sacrificare</strong></span> <span class='ocrx_word' id='word_1_48' title='bbox 691 1121 772 1182; x_wconf 85' lang='lat' dir='ltr'><strong>vetiti</strong></span> <span class='ocrx_word' id='word_1_49' title='bbox 805 1130 905 1184; x_wconf 89' lang='lat' dir='ltr'><strong>essent</strong></span> <span class='ocrx_word' id='word_1_50' title='bbox 939 1122 1047 1201; x_wconf 89' lang='lat' dir='ltr'><strong>templa</strong></span> <span class='ocrx_word' id='word_1_51' title='bbox 1079 1119 1259 1200; x_wconf 82' lang='lat' dir='ltr'><strong>aliquamdiu</strong></span> <span class='ocrx_word' id='word_1_52' title='bbox 1287 1119 1420 1198; x_wconf 89' lang='lat' dir='ltr'><strong>patuisse</strong></span> 
     </span>
     <span class='ocr_line' id='line_1_9' title="bbox 267 1219 1419 1300; baseline 0 -22"><span class='ocrx_word' id='word_1_53' title='bbox 267 1219 323 1292; x_wconf 84' lang='lat' dir='ltr'><strong>ita,</strong></span> <span class='ocrx_word' id='word_1_54' title='bbox 355 1228 387 1282; x_wconf 88' lang='lat' dir='ltr'><strong>ut</strong></span> <span class='ocrx_word' id='word_1_55' title='bbox 414 1238 566 1281; x_wconf 90' lang='lat' dir='ltr'><strong>unacum</strong></span> <span class='ocrx_word' id='word_1_56' title='bbox 596 1219 701 1280; x_wconf 83' lang='lat' dir='ltr'><strong>statuis</strong></span> <span class='ocrx_word' id='word_1_57' title='bbox 730 1219 896 1300; x_wconf 87' lang='lat' dir='ltr'><strong>ceterisque</strong></span> <span class='ocrx_word' id='word_1_58' title='bbox 925 1220 1110 1282; x_wconf 82' lang='lat' dir='ltr'><strong>ornamentis</strong></span> <span class='ocrx_word' id='word_1_59' title='bbox 1140 1219 1235 1280; x_wconf 89' lang='lat' dir='ltr'><strong>musei</strong></span> <span class='ocrx_word' id='word_1_60' title='bbox 1266 1226 1419 1297; x_wconf 90' lang='lat' dir='ltr'><strong>tamquam</strong></span> 
     </span>
     <span class='ocr_line' id='line_1_10' title="bbox 268 1317 1419 1398; baseline -0.003 -19"><span class='ocrx_word' id='word_1_61' title='bbox 268 1318 396 1398; x_wconf 90' lang='lat' dir='ltr'><strong>speciem</strong></span> <span class='ocrx_word' id='word_1_62' title='bbox 420 1317 604 1380; x_wconf 84' lang='lat' dir='ltr'><strong>exhiberent.</strong></span> <span class='ocrx_word' id='word_1_63' title='bbox 649 1318 773 1378; x_wconf 86' lang='lat' dir='ltr'><strong>Minime</strong></span> <span class='ocrx_word' id='word_1_64' title='bbox 794 1327 893 1380; x_wconf 88' lang='lat' dir='ltr'><strong>antem</strong></span> <span class='ocrx_word' id='word_1_65' title='bbox 919 1319 1072 1390; x_wconf 89' lang='lat' dir='ltr'><strong>babemus,</strong></span> <span class='ocrx_word' id='word_1_66' title='bbox 1102 1319 1181 1380; x_wconf 91' lang='lat' dir='ltr'><strong>unde</strong></span> <span class='ocrx_word' id='word_1_67' title='bbox 1209 1318 1268 1378; x_wconf 91' lang='lat' dir='ltr'><strong>iam</strong></span> <span class='ocrx_word' id='word_1_68' title='bbox 1297 1325 1419 1380; x_wconf 90' lang='lat' dir='ltr'><strong>tumea</strong></span> 
     </span>
     <span class='ocr_line' id='line_1_11' title="bbox 269 1414 1422 1494; baseline -0.003 -16"><span class='ocrx_word' id='word_1_69' title='bbox 269 1418 363 1478; x_wconf 91' lang='lat' dir='ltr'><strong>deleta</strong></span> <span class='ocrx_word' id='word_1_70' title='bbox 389 1437 443 1480; x_wconf 90' lang='lat' dir='ltr'><strong>seu</strong></span> <span class='ocrx_word' id='word_1_71' title='bbox 465 1417 501 1477; x_wconf 74' lang='lat' dir='ltr'><strong>&#39;in</strong></span> <span class='ocrx_word' id='word_1_72' title='bbox 528 1417 665 1478; x_wconf 90' lang='lat' dir='ltr'><strong>eeclesias</strong></span> <span class='ocrx_word' id='word_1_73' title='bbox 689 1416 868 1480; x_wconf 84' lang='lat' dir='ltr'><strong>Christianae</strong></span> <span class='ocrx_word' id='word_1_74' title='bbox 892 1436 974 1478; x_wconf 89' lang='lat' dir='ltr'><strong>versa</strong></span> <span class='ocrx_word' id='word_1_75' title='bbox 1001 1437 1066 1478; x_wconf 88' lang='lat' dir='ltr'><strong>esse</strong></span> <span class='ocrx_word' id='word_1_76' title='bbox 1093 1417 1272 1494; x_wconf 86' lang='lat' dir='ltr'><strong>colligamus.</strong></span> <span class='ocrx_word' id='word_1_77' title='bbox 1315 1414 1422 1492; x_wconf 82' lang='lat' dir='ltr'><strong>Neque</strong></span> 
     </span>
     <span class='ocr_line' id='line_1_12' title="bbox 270 1513 1419 1595; baseline -0.003 -19"><span class='ocrx_word' id='word_1_78' title='bbox 270 1515 363 1577; x_wconf 90' lang='lat' dir='ltr'><strong>multo</strong></span> <span class='ocrx_word' id='word_1_79' title='bbox 387 1525 454 1595; x_wconf 90' lang='lat' dir='ltr'><strong>post</strong></span> <span class='ocrx_word' id='word_1_80' title='bbox 477 1516 618 1578; x_wconf 79' lang='lat' dir='ltr'><strong>Arcadius</strong></span> <span class='ocrx_word' id='word_1_81' title='bbox 640 1516 792 1577; x_wconf 91' lang='lat' dir='ltr'><strong>Honorius</strong></span> <span class='ocrx_word' id='word_1_82' title='bbox 815 1516 998 1578; x_wconf 87' lang='lat' dir='ltr'><strong>Theodosius</strong></span> <span class='ocrx_word' id='word_1_83' title='bbox 1029 1535 1056 1576; x_wconf 91' lang='lat' dir='ltr'><strong>a.</strong></span> <span class='ocrx_word' id='word_1_84' title='bbox 1080 1515 1142 1576; x_wconf 80' lang='lat'><strong>407</strong></span> <span class='ocrx_word' id='word_1_85' title='bbox 1169 1515 1263 1576; x_wconf 89' lang='lat' dir='ltr'><strong>Roma</strong></span> <span class='ocrx_word' id='word_1_86' title='bbox 1286 1513 1419 1575; x_wconf 88' lang='lat' dir='ltr'><strong>edictum</strong></span> 
     </span>
     <span class='ocr_line' id='line_1_13' title="bbox 269 1612 1419 1695; baseline -0.002 -21"><span class='ocrx_word' id='word_1_87' title='bbox 269 1615 416 1675; x_wconf 92' lang='lat' dir='ltr'><strong>dederunt</strong></span> <span class='ocrx_word' id='word_1_88' title='bbox 437 1615 527 1695; x_wconf 92' lang='lat' dir='ltr'><strong>idque</strong></span> <span class='ocrx_word' id='word_1_89' title='bbox 549 1633 629 1676; x_wconf 92' lang='lat' dir='ltr'><strong>anno</strong></span> <span class='ocrx_word' id='word_1_90' title='bbox 651 1615 787 1695; x_wconf 87' lang='lat' dir='ltr'><strong>sequenti</strong></span> <span class='ocrx_word' id='word_1_91' title='bbox 812 1615 988 1695; x_wconf 83' lang='lat' dir='ltr'><strong>Carthagine</strong></span> <span class='ocrx_word' id='word_1_92' title='bbox 1011 1615 1287 1694; x_wconf 88' lang='lat' dir='ltr'><strong>promulgaverunt:</strong></span> <span class='ocrx_word' id='word_1_93' title='bbox 1312 1612 1419 1674; x_wconf 89' lang='lat' dir='ltr'><strong>aedi-</strong></span> 
     </span>
     <span class='ocr_line' id='line_1_14' title="bbox 269 1711 1420 1794; baseline -0.001 -20"><span class='ocrx_word' id='word_1_94' title='bbox 269 1714 359 1776; x_wconf 87' lang='lat' dir='ltr'><strong>ficia</strong></span> <span class='ocrx_word' id='word_1_95' title='bbox 383 1715 461 1794; x_wconf 90' lang='lat' dir='ltr'><strong>ipsa</strong></span> <span class='ocrx_word' id='word_1_96' title='bbox 485 1716 725 1794; x_wconf 85' lang='lat' dir='ltr'><strong>templorum,</strong></span> <span class='ocrx_word' id='word_1_97' title='bbox 755 1734 846 1794; x_wconf 94' lang='lat' dir='ltr'><strong>quae</strong></span> <span class='ocrx_word' id='word_1_98' title='bbox 876 1714 912 1774; x_wconf 95' lang='lat' dir='ltr'><strong>in</strong></span> <span class='ocrx_word' id='word_1_99' title='bbox 937 1713 1157 1776; x_wconf 86' lang='lat' dir='ltr'><strong>civitatibus</strong></span> <span class='ocrx_word' id='word_1_100' title='bbox 1186 1713 1240 1776; x_wconf 86' lang='lat' dir='ltr'><strong>vel</strong></span> <span class='ocrx_word' id='word_1_101' title='bbox 1263 1711 1420 1793; x_wconf 83' lang='lat' dir='ltr'><strong>oppidis</strong></span> 
     </span>
     <span class='ocr_line' id='line_1_15' title="bbox 269 1813 1418 1896; baseline -0.003 -23"><span class='ocrx_word' id='word_1_102' title='bbox 269 1813 327 1873; x_wconf 82' lang='lat' dir='ltr'><strong>vel</strong></span> <span class='ocrx_word' id='word_1_103' title='bbox 351 1823 459 1874; x_wconf 88' lang='lat' dir='ltr'><strong>extra</strong></span> <span class='ocrx_word' id='word_1_104' title='bbox 482 1814 615 1896; x_wconf 92' lang='lat' dir='ltr'><strong>oppida</strong></span> <span class='ocrx_word' id='word_1_105' title='bbox 639 1821 739 1886; x_wconf 88' lang='lat' dir='ltr'><strong>sunt,</strong></span> <span class='ocrx_word' id='word_1_106' title='bbox 764 1814 806 1874; x_wconf 95' lang='lat' dir='ltr'><strong>ad</strong></span> <span class='ocrx_word' id='word_1_107' title='bbox 832 1833 934 1874; x_wconf 91' lang='lat' dir='ltr'><strong>usum</strong></span> <span class='ocrx_word' id='word_1_108' title='bbox 951 1813 1140 1894; x_wconf 92' lang='lat' dir='ltr'><strong>publicum</strong></span> <span class='ocrx_word' id='word_1_109' title='bbox 1165 1813 1418 1884; x_wconf 88' lang='lat' dir='ltr'><strong>vindicentur,</strong></span> 
     </span>
     <span class='ocr_line' id='line_1_16' title="bbox 270 1911 1419 1992; baseline -0.003 -20"><span class='ocrx_word' id='word_1_110' title='bbox 270 1931 353 1972; x_wconf 91' lang='lat' dir='ltr'><strong>arae</strong></span> <span class='ocrx_word' id='word_1_111' title='bbox 375 1912 469 1974; x_wconf 89' lang='lat' dir='ltr'><strong>locis</strong></span> <span class='ocrx_word' id='word_1_112' title='bbox 493 1913 673 1974; x_wconf 90' lang='lat' dir='ltr'><strong>omnibus</strong></span> <span class='ocrx_word' id='word_1_113' title='bbox 705 1913 957 1974; x_wconf 87' lang='lat' dir='ltr'><strong>destruantur</strong></span> <span class='ocrx_word' id='word_1_114' title='bbox 991 1913 1185 1992; x_wconf 91' lang='lat' dir='ltr'><strong>omniaque</strong></span> <span class='ocrx_word' id='word_1_115' title='bbox 1212 1912 1351 1990; x_wconf 87' lang='lat' dir='ltr'><strong>templa</strong></span> <span class='ocrx_word' id='word_1_116' title='bbox 1379 1911 1419 1970; x_wconf 93' lang='lat' dir='ltr'><strong>in</strong></span> 
     </span>
     <span class='ocr_line' id='line_1_17' title="bbox 269 2009 1419 2090; baseline -0.002 -18"><span class='ocrx_word' id='word_1_117' title='bbox 269 2011 583 2090; x_wconf 87' lang='lat' dir='ltr'><strong>possessionibus</strong></span> <span class='ocrx_word' id='word_1_118' title='bbox 606 2011 747 2072; x_wconf 89' lang='lat' dir='ltr'><strong>nostris</strong></span> <span class='ocrx_word' id='word_1_119' title='bbox 778 2012 818 2072; x_wconf 93' lang='lat' dir='ltr'><strong>ad</strong></span> <span class='ocrx_word' id='word_1_120' title='bbox 843 2031 929 2072; x_wconf 90' lang='lat' dir='ltr'><strong>usus</strong></span> <span class='ocrx_word' id='word_1_121' title='bbox 959 2013 1221 2072; x_wconf 89' lang='lat' dir='ltr'><strong>accommodos</strong></span> <span class='ocrx_word' id='word_1_122' title='bbox 1244 2009 1419 2072; x_wconf 88' lang='lat' dir='ltr'><strong>transfe-</strong></span> 
     </span>
     <span class='ocr_line' id='line_1_18' title="bbox 270 2107 1418 2190; baseline -0.001 -21"><span class='ocrx_word' id='word_1_123' title='bbox 270 2117 423 2183; x_wconf 90' lang='lat' dir='ltr'><strong>rantur,</strong></span> <span class='ocrx_word' id='word_1_124' title='bbox 457 2110 596 2172; x_wconf 93' lang='lat' dir='ltr'><strong>domini</strong></span> <span class='ocrx_word' id='word_1_125' title='bbox 632 2111 831 2172; x_wconf 88' lang='lat' dir='ltr'><strong>destruere</strong></span> <span class='ocrx_word' id='word_1_126' title='bbox 865 2107 1113 2190; x_wconf 73' lang='lat' dir='ltr'><strong>cogantur¹⁸⁰l¹</strong></span> <span class='ocrx_word' id='word_1_127' title='bbox 1159 2111 1232 2170; x_wconf 89' lang='lat' dir='ltr'><strong>Cum</strong></span> <span class='ocrx_word' id='word_1_128' title='bbox 1263 2127 1331 2169; x_wconf 89' lang='lat' dir='ltr'><strong>vero</strong></span> <span class='ocrx_word' id='word_1_129' title='bbox 1358 2108 1418 2168; x_wconf 87' lang='lat' dir='ltr'><strong>iam</strong></span> 
     </span>
     <span class='ocr_line' id='line_1_19' title="bbox 270 2208 1418 2291; baseline -0.002 -23"><span class='ocrx_word' id='word_1_130' title='bbox 270 2209 420 2270; x_wconf 92' lang='lat' dir='ltr'><strong>llonorius</strong></span> <span class='ocrx_word' id='word_1_131' title='bbox 444 2219 474 2270; x_wconf 89' lang='lat' dir='ltr'><strong>et</strong></span> <span class='ocrx_word' id='word_1_132' title='bbox 495 2209 681 2271; x_wconf 88' lang='lat' dir='ltr'><strong>Theodosius</strong></span> <span class='ocrx_word' id='word_1_133' title='bbox 704 2229 783 2270; x_wconf 94' lang='lat' dir='ltr'><strong>anno</strong></span> <span class='ocrx_word' id='word_1_134' title='bbox 806 2208 868 2270; x_wconf 83' lang='lat'><strong>412</strong></span> <span class='ocrx_word' id='word_1_135' title='bbox 899 2211 1103 2291; x_wconf 86' lang='lat' dir='ltr'><strong>praeciperent</strong></span> <span class='ocrx_word' id='word_1_136' title='bbox 1135 2218 1167 2270; x_wconf 91' lang='lat' dir='ltr'><strong>ut</strong></span> <span class='ocrx_word' id='word_1_137' title='bbox 1194 2227 1282 2269; x_wconf 93' lang='lat' dir='ltr'><strong>omne</strong></span> <span class='ocrx_word' id='word_1_138' title='bbox 1311 2225 1418 2268; x_wconf 91' lang='lat' dir='ltr'><strong>aurum</strong></span> 
     </span>
     <span class='ocr_line' id='line_1_20' title="bbox 270 2307 1418 2387; baseline -0.002 -20"><span class='ocrx_word' id='word_1_139' title='bbox 270 2315 299 2368; x_wconf 89' lang='lat' dir='ltr'><strong>et</strong></span> <span class='ocrx_word' id='word_1_140' title='bbox 322 2316 477 2386; x_wconf 85' lang='lat' dir='ltr'><strong>argentum</strong></span> <span class='ocrx_word' id='word_1_141' title='bbox 498 2308 752 2387; x_wconf 87' lang='lat' dir='ltr'><strong>apossessoribus</strong></span> <span class='ocrx_word' id='word_1_142' title='bbox 769 2309 975 2386; x_wconf 83' lang='lat' dir='ltr'><strong>Carthaginem</strong></span> <span class='ocrx_word' id='word_1_143' title='bbox 998 2307 1228 2386; x_wconf 82' lang='lat' dir='ltr'><strong>inferretur¹⁸¹),</strong></span> <span class='ocrx_word' id='word_1_144' title='bbox 1251 2307 1329 2369; x_wconf 91' lang='lat' dir='ltr'><strong>intra</strong></span> <span class='ocrx_word' id='word_1_145' title='bbox 1353 2307 1418 2367; x_wconf 93' lang='lat' dir='ltr'><strong>illos</strong></span> 
     </span>
     <span class='ocr_line' id='line_1_21' title="bbox 270 2407 1424 2487; baseline -0.003 -20"><span class='ocrx_word' id='word_1_146' title='bbox 270 2423 364 2467; x_wconf 91' lang='lat' dir='ltr'><strong>annos</strong></span> <span class='ocrx_word' id='word_1_147' title='bbox 388 2407 563 2487; x_wconf 85' lang='lat' dir='ltr'><strong>Capitolium</strong></span> <span class='ocrx_word' id='word_1_148' title='bbox 593 2409 808 2469; x_wconf 92' lang='lat' dir='ltr'><strong>incommune</strong></span> <span class='ocrx_word' id='word_1_149' title='bbox 836 2407 1003 2487; x_wconf 87' lang='lat' dir='ltr'><strong>provinciae</strong></span> <span class='ocrx_word' id='word_1_150' title='bbox 1025 2407 1141 2469; x_wconf 80' lang='lat' dir='ltr'><strong>Africae</strong></span> <span class='ocrx_word' id='word_1_151' title='bbox 1171 2407 1317 2468; x_wconf 89' lang='lat' dir='ltr'><strong>aerarium</strong></span> <span class='ocrx_word' id='word_1_152' title='bbox 1346 2422 1424 2480; x_wconf 53' lang='lat' dir='ltr'><strong>cone</strong></span> 
     </span>
     <span class='ocr_line' id='line_1_22' title="bbox 271 2505 1422 2568; baseline 0.001 -4"><span class='ocrx_word' id='word_1_153' title='bbox 271 2524 388 2566; x_wconf 92' lang='lat' dir='ltr'><strong>versum</strong></span> <span class='ocrx_word' id='word_1_154' title='bbox 411 2525 478 2566; x_wconf 91' lang='lat' dir='ltr'><strong>esse</strong></span> <span class='ocrx_word' id='word_1_155' title='bbox 500 2507 526 2567; x_wconf 91' lang='lat' dir='ltr'><strong>si</strong></span> <span class='ocrx_word' id='word_1_156' title='bbox 548 2525 608 2566; x_wconf 92' lang='lat' dir='ltr'><strong>non</strong></span> <span class='ocrx_word' id='word_1_157' title='bbox 632 2513 747 2567; x_wconf 90' lang='lat' dir='ltr'><strong>eertum</strong></span> <span class='ocrx_word' id='word_1_158' title='bbox 774 2515 803 2568; x_wconf 90' lang='lat' dir='ltr'><strong>at</strong></span> <span class='ocrx_word' id='word_1_159' title='bbox 832 2506 891 2568; x_wconf 87' lang='lat' dir='ltr'><strong>veri</strong></span> <span class='ocrx_word' id='word_1_160' title='bbox 920 2507 1102 2568; x_wconf 91' lang='lat' dir='ltr'><strong>simillimum</strong></span> <span class='ocrx_word' id='word_1_161' title='bbox 1127 2507 1253 2567; x_wconf 89' lang='lat' dir='ltr'><strong>videtur.</strong></span> <span class='ocrx_word' id='word_1_162' title='bbox 1287 2541 1327 2548; x_wconf 95' lang='lat'><em>-</em></span> <span class='ocrx_word' id='word_1_163' title='bbox 1361 2505 1422 2566; x_wconf 81' lang='lat' dir='ltr'><strong>lle-</strong></span> 
     </span>
     <span class='ocr_line' id='line_1_23' title="bbox 269 2603 1418 2685; baseline -0.001 -20"><span class='ocrx_word' id='word_1_164' title='bbox 269 2605 336 2666; x_wconf 90' lang='lat' dir='ltr'><strong>latis</strong></span> <span class='ocrx_word' id='word_1_165' title='bbox 359 2611 460 2666; x_wconf 88' lang='lat' dir='ltr'><strong>autem</strong></span> <span class='ocrx_word' id='word_1_166' title='bbox 484 2623 558 2684; x_wconf 91' lang='lat' dir='ltr'><strong>quae</strong></span> <span class='ocrx_word' id='word_1_167' title='bbox 582 2623 761 2684; x_wconf 89' lang='lat' dir='ltr'><strong>quamquam</strong></span> <span class='ocrx_word' id='word_1_168' title='bbox 786 2612 867 2666; x_wconf 91' lang='lat' dir='ltr'><strong>certo</strong></span> <span class='ocrx_word' id='word_1_169' title='bbox 890 2605 955 2666; x_wconf 90' lang='lat' dir='ltr'><strong>sciri</strong></span> <span class='ocrx_word' id='word_1_170' title='bbox 980 2612 1134 2685; x_wconf 90' lang='lat' dir='ltr'><strong>nequeunt</strong></span> <span class='ocrx_word' id='word_1_171' title='bbox 1156 2612 1255 2664; x_wconf 90' lang='lat' dir='ltr'><strong>tamen</strong></span> <span class='ocrx_word' id='word_1_172' title='bbox 1278 2603 1418 2682; x_wconf 87' lang='lat' dir='ltr'><strong>probabi·</strong></span> 
     </span>
     <span class='ocr_line' id='line_1_24' title="bbox 270 2703 1418 2788; baseline 0 -26"><span class='ocrx_word' id='word_1_173' title='bbox 270 2703 352 2764; x_wconf 88' lang='lat' dir='ltr'><strong>litate</strong></span> <span class='ocrx_word' id='word_1_174' title='bbox 381 2721 481 2764; x_wconf 89' lang='lat' dir='ltr'><strong>carere</strong></span> <span class='ocrx_word' id='word_1_175' title='bbox 504 2721 565 2764; x_wconf 94' lang='lat' dir='ltr'><strong>non</strong></span> <span class='ocrx_word' id='word_1_176' title='bbox 589 2703 727 2766; x_wconf 90' lang='lat' dir='ltr'><strong>videntur</strong></span> <span class='ocrx_word' id='word_1_177' title='bbox 749 2705 856 2783; x_wconf 85' lang='lat' dir='ltr'><strong>pedem</strong></span> <span class='ocrx_word' id='word_1_178' title='bbox 879 2705 1044 2766; x_wconf 85' lang='lat' dir='ltr'><strong>relerentes</strong></span> <span class='ocrx_word' id='word_1_179' title='bbox 1068 2704 1235 2788; x_wconf 89' lang='lat' dir='ltr'><strong>Castanium</strong></span> <span class='ocrx_word' id='word_1_180' title='bbox 1259 2703 1296 2764; x_wconf 94' lang='lat' dir='ltr'><strong>ad</strong></span> <span class='ocrx_word' id='word_1_181' title='bbox 1318 2709 1418 2781; x_wconf 90' lang='lat' dir='ltr'><strong>partes</strong></span> 
     </span>
     <span class='ocr_line' id='line_1_25' title="bbox 270 2801 1418 2885; baseline -0.002 -23"><span class='ocrx_word' id='word_1_182' title='bbox 270 2821 427 2876; x_wconf 89' lang='lat' dir='ltr'><strong>vocemus,</strong></span> <span class='ocrx_word' id='word_1_183' title='bbox 462 2803 513 2882; x_wconf 92' lang='lat' dir='ltr'><strong>qui</strong></span> <span class='ocrx_word' id='word_1_184' title='bbox 543 2803 682 2884; x_wconf 92' lang='lat' dir='ltr'><strong>quoniam</strong></span> <span class='ocrx_word' id='word_1_185' title='bbox 714 2803 856 2882; x_wconf 87' lang='lat' dir='ltr'><strong>Capitolia</strong></span> <span class='ocrx_word' id='word_1_186' title='bbox 885 2804 983 2885; x_wconf 87' lang='lat' dir='ltr'><strong>omnia</strong></span> <span class='ocrx_word' id='word_1_187' title='bbox 1013 2823 1047 2864; x_wconf 85' lang='lat' dir='ltr'><strong>ex</strong></span> <span class='ocrx_word' id='word_1_188' title='bbox 1081 2803 1297 2882; x_wconf 92' lang='lat' dir='ltr'><strong>imperatorum</strong></span> <span class='ocrx_word' id='word_1_189' title='bbox 1326 2801 1418 2878; x_wconf 84' lang='lat' dir='ltr'><strong>gratia</strong></span> 
     </span>
     <span class='ocr_line' id='line_1_26' title="bbox 270 2900 1419 2982; baseline -0.003 -20"><span class='ocrx_word' id='word_1_190' title='bbox 270 2909 359 2982; x_wconf 90' lang='lat' dir='ltr'><strong>atque</strong></span> <span class='ocrx_word' id='word_1_191' title='bbox 382 2901 557 2963; x_wconf 88' lang='lat' dir='ltr'><strong>liberalitate</strong></span> <span class='ocrx_word' id='word_1_192' title='bbox 581 2901 754 2982; x_wconf 91' lang='lat' dir='ltr'><strong>provenisse</strong></span> <span class='ocrx_word' id='word_1_193' title='bbox 777 2901 831 2962; x_wconf 92' lang='lat' dir='ltr'><strong>sibi</strong></span> <span class='ocrx_word' id='word_1_194' title='bbox 848 2901 994 2982; x_wconf 86' lang='lat' dir='ltr'><strong>persuasit</strong></span> <span class='ocrx_word' id='word_1_195' title='bbox 1017 2922 1052 2962; x_wconf 92' lang='lat' dir='ltr'><strong>eo</strong></span> <span class='ocrx_word' id='word_1_196' title='bbox 1071 2902 1215 2962; x_wconf 87' lang='lat' dir='ltr'><strong>deductus</strong></span> <span class='ocrx_word' id='word_1_197' title='bbox 1238 2907 1282 2959; x_wconf 91' lang='lat' dir='ltr'><strong>est</strong></span> <span class='ocrx_word' id='word_1_198' title='bbox 1298 2908 1332 2959; x_wconf 90' lang='lat' dir='ltr'><strong>ut</strong></span> <span class='ocrx_word' id='word_1_199' title='bbox 1347 2900 1419 2960; x_wconf 91' lang='lat' dir='ltr'><strong>Car-</strong></span> 
     </span>
     <span class='ocr_line' id='line_1_27' title="bbox 233 2998 1419 3080; baseline -0.007 -14"><span class='ocrx_word' id='word_1_200' title='bbox 233 3063 235 3066; x_wconf 84' lang='lat'>.</span> <span class='ocrx_word' id='word_1_201' title='bbox 269 2999 457 3080; x_wconf 86' lang='lat' dir='ltr'><strong>tbaginiense</strong></span> <span class='ocrx_word' id='word_1_202' title='bbox 479 3001 514 3062; x_wconf 92' lang='lat' dir='ltr'><strong>ab</strong></span> <span class='ocrx_word' id='word_1_203' title='bbox 538 3001 670 3080; x_wconf 81' lang='lat' dir='ltr'><strong>Augusto</strong></span> <span class='ocrx_word' id='word_1_204' title='bbox 693 2999 883 3062; x_wconf 90' lang='lat' dir='ltr'><strong>aedilicatum</strong></span> <span class='ocrx_word' id='word_1_205' title='bbox 907 3019 971 3062; x_wconf 91' lang='lat' dir='ltr'><strong>esse</strong></span> <span class='ocrx_word' id='word_1_206' title='bbox 995 2998 1200 3074; x_wconf 68' lang='lat' dir='ltr'><strong>censeret1⁸2t</strong></span> <span class='ocrx_word' id='word_1_207' title='bbox 1246 2999 1324 3070; x_wconf 80' lang='lat' dir='ltr'><strong>Quas</strong></span> <span class='ocrx_word' id='word_1_208' title='bbox 1348 3016 1419 3060; x_wconf 92' lang='lat' dir='ltr'><strong>con-</strong></span> 
     </span>
     <span class='ocr_line' id='line_1_28' title="bbox 269 3097 1417 3180; baseline -0.002 -22"><span class='ocrx_word' id='word_1_209' title='bbox 269 3099 398 3160; x_wconf 85' lang='lat' dir='ltr'><strong>iecturas</strong></span> <span class='ocrx_word' id='word_1_210' title='bbox 431 3119 499 3160; x_wconf 91' lang='lat' dir='ltr'><strong>cum</strong></span> <span class='ocrx_word' id='word_1_211' title='bbox 533 3101 657 3162; x_wconf 88' lang='lat' dir='ltr'><strong>minime</strong></span> <span class='ocrx_word' id='word_1_212' title='bbox 690 3101 738 3162; x_wconf 92' lang='lat' dir='ltr'><strong>ille</strong></span> <span class='ocrx_word' id='word_1_213' title='bbox 772 3100 941 3180; x_wconf 88' lang='lat' dir='ltr'><strong>probaverit</strong></span> <span class='ocrx_word' id='word_1_214' title='bbox 974 3100 1026 3162; x_wconf 89' lang='lat' dir='ltr'><strong>sed</strong></span> <span class='ocrx_word' id='word_1_215' title='bbox 1056 3117 1218 3178; x_wconf 87' lang='lat' dir='ltr'><strong>suspensas</strong></span> <span class='ocrx_word' id='word_1_216' title='bbox 1254 3097 1417 3176; x_wconf 91' lang='lat' dir='ltr'><strong>reliquerit,</strong></span> 
     </span>
     <span class='ocr_line' id='line_1_29' title="bbox 270 3195 1416 3275; baseline -0.002 -19"><span class='ocrx_word' id='word_1_217' title='bbox 270 3197 448 3275; x_wconf 88' lang='lat' dir='ltr'><strong>prudentius</strong></span> <span class='ocrx_word' id='word_1_218' title='bbox 476 3198 562 3258; x_wconf 93' lang='lat' dir='ltr'><strong>nohis</strong></span> <span class='ocrx_word' id='word_1_219' title='bbox 590 3200 696 3258; x_wconf 81' lang='lat' dir='ltr'><strong>facturi</strong></span> <span class='ocrx_word' id='word_1_220' title='bbox 726 3198 860 3258; x_wconf 87' lang='lat' dir='ltr'><strong>videmur</strong></span> <span class='ocrx_word' id='word_1_221' title='bbox 889 3198 914 3258; x_wconf 90' lang='lat' dir='ltr'><strong>si</strong></span> <span class='ocrx_word' id='word_1_222' title='bbox 943 3197 984 3258; x_wconf 93' lang='lat' dir='ltr'><strong>illi</strong></span> <span class='ocrx_word' id='word_1_223' title='bbox 1011 3217 1049 3258; x_wconf 92' lang='lat' dir='ltr'><strong>ne</strong></span> <span class='ocrx_word' id='word_1_224' title='bbox 1071 3197 1173 3258; x_wconf 84' lang='lat' dir='ltr'><strong>leviter</strong></span> <span class='ocrx_word' id='word_1_225' title='bbox 1196 3196 1284 3256; x_wconf 88' lang='lat' dir='ltr'><strong>fidem</strong></span> <span class='ocrx_word' id='word_1_226' title='bbox 1307 3195 1416 3256; x_wconf 86' lang='lat' dir='ltr'><strong>habea-</strong></span> 
     </span>
     <span class='ocr_line' id='line_1_30' title="bbox 271 3293 1418 3375; baseline -0.003 -20"><span class='ocrx_word' id='word_1_227' title='bbox 271 3313 338 3355; x_wconf 92' lang='lat' dir='ltr'><strong>mus</strong></span> <span class='ocrx_word' id='word_1_228' title='bbox 362 3295 539 3356; x_wconf 85' lang='lat' dir='ltr'><strong>cavehimus.</strong></span> <span class='ocrx_word' id='word_1_229' title='bbox 585 3299 625 3356; x_wconf 81' lang='lat' dir='ltr'><strong>Ac</strong></span> <span class='ocrx_word' id='word_1_230' title='bbox 652 3299 785 3375; x_wconf 86' lang='lat' dir='ltr'><strong>prolecto</strong></span> <span class='ocrx_word' id='word_1_231' title='bbox 814 3297 850 3356; x_wconf 90' lang='lat' dir='ltr'><strong>de</strong></span> <span class='ocrx_word' id='word_1_232' title='bbox 878 3295 960 3356; x_wconf 92' lang='lat' dir='ltr'><strong>nullo</strong></span> <span class='ocrx_word' id='word_1_233' title='bbox 991 3297 1052 3356; x_wconf 86' lang='lat' dir='ltr'><strong>fere</strong></span> <span class='ocrx_word' id='word_1_234' title='bbox 1079 3295 1221 3375; x_wconf 90' lang='lat' dir='ltr'><strong>Capitolio</strong></span> <span class='ocrx_word' id='word_1_235' title='bbox 1248 3294 1314 3373; x_wconf 89' lang='lat' dir='ltr'><strong>quis</strong></span> <span class='ocrx_word' id='word_1_236' title='bbox 1337 3293 1418 3354; x_wconf 92' lang='lat' dir='ltr'><strong>aedi-</strong></span> 
     </span>
     <span class='ocr_line' id='line_1_31' title="bbox 270 3392 1418 3476; baseline -0.002 -24"><span class='ocrx_word' id='word_1_237' title='bbox 270 3393 398 3456; x_wconf 86' lang='lat' dir='ltr'><strong>ficaverit</strong></span> <span class='ocrx_word' id='word_1_238' title='bbox 425 3395 483 3456; x_wconf 85' lang='lat' dir='ltr'><strong>diri</strong></span> <span class='ocrx_word' id='word_1_239' title='bbox 509 3403 618 3476; x_wconf 90' lang='lat' dir='ltr'><strong>potest,</strong></span> <span class='ocrx_word' id='word_1_240' title='bbox 641 3403 706 3456; x_wconf 90' lang='lat' dir='ltr'><strong>turn</strong></span> <span class='ocrx_word' id='word_1_241' title='bbox 736 3397 840 3456; x_wconf 91' lang='lat' dir='ltr'><strong>eodem</strong></span> <span class='ocrx_word' id='word_1_242' title='bbox 869 3395 933 3456; x_wconf 91' lang='lat' dir='ltr'><strong>iure</strong></span> <span class='ocrx_word' id='word_1_243' title='bbox 961 3395 985 3456; x_wconf 88' lang='lat' dir='ltr'><strong>si</strong></span> <span class='ocrx_word' id='word_1_244' title='bbox 1019 3396 1134 3456; x_wconf 87' lang='lat' dir='ltr'><strong>Castan.</strong></span> <span class='ocrx_word' id='word_1_245' title='bbox 1159 3413 1263 3454; x_wconf 88' lang='lat' dir='ltr'><strong>verum</strong></span> <span class='ocrx_word' id='word_1_246' title='bbox 1287 3392 1418 3462; x_wconf 79' lang='lat' dir='ltr'><strong>vidisset,</strong></span> 
     </span>
     <span class='ocr_line' id='line_1_32' title="bbox 270 3491 1415 3572; baseline -0.003 -19"><span class='ocrx_word' id='word_1_247' title='bbox 270 3491 511 3572; x_wconf 83' lang='lat' dir='ltr'><strong>Carthaginiense</strong></span> <span class='ocrx_word' id='word_1_248' title='bbox 527 3495 726 3556; x_wconf 84' lang='lat' dir='ltr'><strong>revocandum</strong></span> <span class='ocrx_word' id='word_1_249' title='bbox 743 3503 821 3555; x_wconf 87' lang='lat' dir='ltr'><strong>esset</strong></span> <span class='ocrx_word' id='word_1_250' title='bbox 841 3495 876 3556; x_wconf 88' lang='lat' dir='ltr'><strong>ad</strong></span> <span class='ocrx_word' id='word_1_251' title='bbox 894 3494 1065 3568; x_wconf 83' lang='lat' dir='ltr'><strong>Caesarem3</strong></span> <span class='ocrx_word' id='word_1_252' title='bbox 1091 3513 1157 3555; x_wconf 90' lang='lat' dir='ltr'><strong>nam</strong></span> <span class='ocrx_word' id='word_1_253' title='bbox 1179 3493 1305 3566; x_wconf 86' lang='lat' dir='ltr'><strong>colonia,</strong></span> <span class='ocrx_word' id='word_1_254' title='bbox 1328 3509 1415 3571; x_wconf 90' lang='lat' dir='ltr'><strong>quam</strong></span> 
     </span>
     <span class='ocr_line' id='line_1_33' title="bbox 270 3591 1416 3671; baseline -0.003 -19"><span class='ocrx_word' id='word_1_255' title='bbox 270 3592 300 3652; x_wconf 92' lang='lat' dir='ltr'><strong>C.</strong></span> <span class='ocrx_word' id='word_1_256' title='bbox 325 3592 473 3654; x_wconf 87' lang='lat' dir='ltr'><strong>Gracchus</strong></span> <span class='ocrx_word' id='word_1_257' title='bbox 497 3613 532 3654; x_wconf 92' lang='lat' dir='ltr'><strong>eo</strong></span> <span class='ocrx_word' id='word_1_258' title='bbox 561 3613 587 3654; x_wconf 93' lang='lat' dir='ltr'><strong>a.</strong></span> <span class='ocrx_word' id='word_1_259' title='bbox 613 3613 683 3654; x_wconf 86' lang='lat' dir='ltr'><strong>uc.</strong></span> <span class='ocrx_word' id='word_1_260' title='bbox 705 3592 767 3654; x_wconf 80' lang='lat'><strong>632</strong></span> <span class='ocrx_word' id='word_1_261' title='bbox 790 3594 966 3665; x_wconf 85' lang='lat' dir='ltr'><strong>deduxerat,</strong></span> <span class='ocrx_word' id='word_1_262' title='bbox 997 3594 1061 3671; x_wconf 90' lang='lat' dir='ltr'><strong>lege</strong></span> <span class='ocrx_word' id='word_1_263' title='bbox 1093 3591 1213 3653; x_wconf 85' lang='lat' dir='ltr'><strong>Minucii</strong></span> <span class='ocrx_word' id='word_1_264' title='bbox 1242 3591 1309 3652; x_wconf 87' lang='lat' dir='ltr'><strong>Rufi</strong></span> <span class='ocrx_word' id='word_1_265' title='bbox 1339 3608 1416 3651; x_wconf 90' lang='lat' dir='ltr'><strong>anno</strong></span> 
     </span>
     <span class='ocr_line' id='line_1_34' title="bbox 270 3690 1416 3771; baseline -0.003 -21"><span class='ocrx_word' id='word_1_266' title='bbox 270 3699 337 3770; x_wconf 90' lang='lat' dir='ltr'><strong>post</strong></span> <span class='ocrx_word' id='word_1_267' title='bbox 361 3691 503 3753; x_wconf 83' lang='lat' dir='ltr'><strong>exstincta</strong></span> <span class='ocrx_word' id='word_1_268' title='bbox 526 3692 641 3771; x_wconf 88' lang='lat' dir='ltr'><strong>primus</strong></span> <span class='ocrx_word' id='word_1_269' title='bbox 664 3691 790 3753; x_wconf 86' lang='lat' dir='ltr'><strong>dictator</strong></span> <span class='ocrx_word' id='word_1_270' title='bbox 813 3692 920 3753; x_wconf 87' lang='lat' dir='ltr'><strong>Caesar</strong></span> <span class='ocrx_word' id='word_1_271' title='bbox 948 3693 979 3752; x_wconf 94' lang='lat' dir='ltr'><strong>in</strong></span> <span class='ocrx_word' id='word_1_272' title='bbox 1002 3693 1067 3753; x_wconf 92' lang='lat' dir='ltr'><strong>loco</strong></span> <span class='ocrx_word' id='word_1_273' title='bbox 1097 3691 1202 3752; x_wconf 89' lang='lat' dir='ltr'><strong>veteris</strong></span> <span class='ocrx_word' id='word_1_274' title='bbox 1226 3690 1317 3763; x_wconf 90' lang='lat' dir='ltr'><strong>urbis,</strong></span> <span class='ocrx_word' id='word_1_275' title='bbox 1342 3706 1416 3767; x_wconf 92' lang='lat' dir='ltr'><strong>quae</strong></span> 
     </span>
     <span class='ocr_line' id='line_1_35' title="bbox 268 3788 1416 3870; baseline -0.003 -20"><span class='ocrx_word' id='word_1_276' title='bbox 268 3807 366 3868; x_wconf 90' lang='lat' dir='ltr'><strong>usque</strong></span> <span class='ocrx_word' id='word_1_277' title='bbox 394 3791 430 3850; x_wconf 89' lang='lat' dir='ltr'><strong>ad</strong></span> <span class='ocrx_word' id='word_1_278' title='bbox 457 3809 490 3852; x_wconf 90' lang='lat' dir='ltr'><strong>ea</strong></span> <span class='ocrx_word' id='word_1_279' title='bbox 520 3797 653 3869; x_wconf 91' lang='lat' dir='ltr'><strong>tempora</strong></span> <span class='ocrx_word' id='word_1_280' title='bbox 683 3789 849 3870; x_wconf 89' lang='lat' dir='ltr'><strong>respublica</strong></span> <span class='ocrx_word' id='word_1_281' title='bbox 880 3791 959 3851; x_wconf 91' lang='lat' dir='ltr'><strong>nulla</strong></span> <span class='ocrx_word' id='word_1_282' title='bbox 989 3791 1102 3862; x_wconf 88' lang='lat' dir='ltr'><strong>luerat,</strong></span> <span class='ocrx_word' id='word_1_283' title='bbox 1133 3807 1157 3848; x_wconf 86' lang='lat' dir='ltr'><strong>a.</strong></span> <span class='ocrx_word' id='word_1_284' title='bbox 1180 3807 1208 3848; x_wconf 93' lang='lat' dir='ltr'><strong>u.</strong></span> <span class='ocrx_word' id='word_1_285' title='bbox 1234 3807 1258 3847; x_wconf 90' lang='lat' dir='ltr'><strong>c.</strong></span> <span class='ocrx_word' id='word_1_286' title='bbox 1275 3788 1338 3848; x_wconf 83' lang='lat'><strong>710</strong></span> <span class='ocrx_word' id='word_1_287' title='bbox 1366 3805 1416 3846; x_wconf 92' lang='lat' dir='ltr'><strong>co-</strong></span> 
     </span>
    </p>
   </div>
   <div class='ocr_carea' id='block_1_3' title="bbox 270 3983 1416 4384">
    <p class='ocr_par' dir='ltr' id='par_1_3' title="bbox 339 3983 1206 4056">
     <span class='ocr_line' id='line_1_36' title="bbox 339 3983 1206 4056; baseline -0.005 -16"><span class='ocrx_word' id='word_1_288' title='bbox 339 3987 382 4056; x_wconf 66' lang='grc'><strong>179)</strong></span> <span class='ocrx_word' id='word_1_289' title='bbox 401 3989 537 4052; x_wconf 80' lang='lat' dir='ltr'><strong>Augustin.</strong></span> <span class='ocrx_word' id='word_1_290' title='bbox 556 3989 578 4049; x_wconf 79' lang='lat' dir='ltr'><strong>d,</strong></span> <span class='ocrx_word' id='word_1_291' title='bbox 598 4007 619 4040; x_wconf 89' lang='lat' dir='ltr'><strong>c.</strong></span> <span class='ocrx_word' id='word_1_292' title='bbox 638 3989 661 4040; x_wconf 94' lang='lat' dir='ltr'><strong>d.</strong></span> <span class='ocrx_word' id='word_1_293' title='bbox 685 3989 722 4054; x_wconf 85' lang='grc'><strong>18,</strong></span> <span class='ocrx_word' id='word_1_294' title='bbox 737 3989 770 4038; x_wconf 82' lang='grc'><strong>54</strong></span> <span class='ocrx_word' id='word_1_295' title='bbox 788 4017 820 4026; x_wconf 92' lang='grc'><strong>-</strong></span> <span class='ocrx_word' id='word_1_296' title='bbox 840 3989 894 4038; x_wconf 88' lang='lat' dir='ltr'><strong>cod.</strong></span> <span class='ocrx_word' id='word_1_297' title='bbox 912 3987 1006 4039; x_wconf 83' lang='lat' dir='ltr'><strong>Theod.</strong></span> <span class='ocrx_word' id='word_1_298' title='bbox 1026 3983 1087 4040; x_wconf 87' lang='lat' dir='ltr'><strong>XVI</strong></span> <span class='ocrx_word' id='word_1_299' title='bbox 1107 3987 1146 4051; x_wconf 89' lang='lat'><strong>10,</strong></span> <span class='ocrx_word' id='word_1_300' title='bbox 1169 3985 1206 4038; x_wconf 84' lang='lat'><strong>18.</strong></span> 
     </span>
    </p>

    <p class='ocr_par' dir='ltr' id='par_1_4' title="bbox 270 4067 1416 4384">
     <span class='ocr_line' id='line_1_37' title="bbox 339 4067 1414 4135; baseline -0.006 -13"><span class='ocrx_word' id='word_1_301' title='bbox 339 4071 381 4135; x_wconf 81' lang='lat'><strong>¹⁸⁰)</strong></span> <span class='ocrx_word' id='word_1_302' title='bbox 400 4071 462 4122; x_wconf 91' lang='lat' dir='ltr'><strong>Cod.</strong></span> <span class='ocrx_word' id='word_1_303' title='bbox 480 4069 573 4122; x_wconf 85' lang='lat' dir='ltr'><strong>Theod.</strong></span> <span class='ocrx_word' id='word_1_304' title='bbox 594 4072 639 4122; x_wconf 91' lang='lat' dir='ltr'><strong>lib.</strong></span> <span class='ocrx_word' id='word_1_305' title='bbox 653 4069 715 4124; x_wconf 91' lang='lat' dir='ltr'><strong>XVI</strong></span> <span class='ocrx_word' id='word_1_306' title='bbox 733 4071 774 4120; x_wconf 88' lang='lat' dir='ltr'><strong>tit.</strong></span> <span class='ocrx_word' id='word_1_307' title='bbox 791 4071 820 4120; x_wconf 90' lang='lat'><strong>10</strong></span> <span class='ocrx_word' id='word_1_308' title='bbox 841 4087 864 4119; x_wconf 92' lang='lat' dir='ltr'><strong>n.</strong></span> <span class='ocrx_word' id='word_1_309' title='bbox 881 4069 910 4120; x_wconf 85' lang='grc'><strong>19</strong></span> <span class='ocrx_word' id='word_1_310' title='bbox 930 4072 973 4135; x_wconf 87' lang='lat'><strong>(=</strong></span> <span class='ocrx_word' id='word_1_311' title='bbox 986 4069 1089 4120; x_wconf 88' lang='lat' dir='ltr'><strong>constit.</strong></span> <span class='ocrx_word' id='word_1_312' title='bbox 1110 4068 1235 4119; x_wconf 84' lang='lat' dir='ltr'><strong>Sirmoud.</strong></span> <span class='ocrx_word' id='word_1_313' title='bbox 1256 4068 1293 4118; x_wconf 87' lang='lat' dir='ltr'><strong>ed.</strong></span> <span class='ocrx_word' id='word_1_314' title='bbox 1312 4067 1414 4120; x_wconf 87' lang='lat' dir='ltr'><strong>lloenel.</strong></span> 
     </span>
     <span class='ocr_line' id='line_1_38' title="bbox 271 4153 1416 4298; baseline -0.004 -13"><span class='ocrx_word' id='word_1_315' title='bbox 271 4169 297 4203; x_wconf 84' lang='lat'><strong>¹¹¹</strong></span> <span class='ocrx_word' id='word_1_316' title='bbox 316 4153 956 4298; x_wconf 44' lang='lat' dir='ltr'><strong>cqqpprceoqrrqfheqqleffit·xff⁰qiqe¹¹1⁸·nr-ffih²</strong></span> <span class='ocrx_word' id='word_1_317' title='bbox 990 4232 1149 4298; x_wconf 86' lang='lat' dir='ltr'><strong>„illationem</strong></span> <span class='ocrx_word' id='word_1_318' title='bbox 1173 4243 1270 4284; x_wconf 89' lang='lat' dir='ltr'><strong>omnem</strong></span> <span class='ocrx_word' id='word_1_319' title='bbox 1293 4232 1350 4283; x_wconf 86' lang='lat' dir='ltr'><strong>auri</strong></span> <span class='ocrx_word' id='word_1_320' title='bbox 1373 4230 1416 4281; x_wconf 83' lang='lat' dir='ltr'><strong>rel</strong></span> 
     </span>
     <span class='ocr_line' id='line_1_39' title="bbox 270 4313 1414 4384; baseline -0.003 -17"><span class='ocrx_word' id='word_1_321' title='bbox 270 4316 371 4380; x_wconf 80' lang='lat' dir='ltr'><strong>argenti</strong></span> <span class='ocrx_word' id='word_1_322' title='bbox 390 4333 404 4367; x_wconf 79' lang='lat' dir='ltr'><strong>a</strong></span> <span class='ocrx_word' id='word_1_323' title='bbox 422 4318 616 4383; x_wconf 86' lang='lat' dir='ltr'><strong>possessoribus</strong></span> <span class='ocrx_word' id='word_1_324' title='bbox 634 4318 659 4367; x_wconf 91' lang='lat' dir='ltr'><strong>in</strong></span> <span class='ocrx_word' id='word_1_325' title='bbox 679 4317 886 4382; x_wconf 83' lang='lat' dir='ltr'><strong>Carthaginiensi</strong></span> <span class='ocrx_word' id='word_1_326' title='bbox 904 4317 967 4367; x_wconf 91' lang='lat' dir='ltr'><strong>urbe</strong></span> <span class='ocrx_word' id='word_1_327' title='bbox 986 4317 1137 4384; x_wconf 84' lang='lat' dir='ltr'><strong>poscendam</strong></span> <span class='ocrx_word' id='word_1_328' title='bbox 1156 4329 1212 4366; x_wconf 88' lang='lat' dir='ltr'><strong>esse</strong></span> <span class='ocrx_word' id='word_1_329' title='bbox 1226 4313 1414 4366; x_wconf 85' lang='lat' dir='ltr'><strong>decernimus.“</strong></span> 
     </span>
    </p>
   </div>
   <div class='ocr_carea' id='block_1_4' title="bbox 338 4399 624 4467">
    <p class='ocr_par' dir='ltr' id='par_1_5' title="bbox 338 4399 624 4467">
     <span class='ocr_line' id='line_1_40' title="bbox 338 4399 624 4467; baseline 0.007 -17"><span class='ocrx_word' id='word_1_330' title='bbox 338 4399 382 4465; x_wconf 57' lang='grc' dir='ltr'><strong>ιιι)</strong></span> <span class='ocrx_word' id='word_1_331' title='bbox 402 4400 419 4450; x_wconf 90' lang='lat' dir='ltr'><strong>r.</strong></span> <span class='ocrx_word' id='word_1_332' title='bbox 439 4416 460 4451; x_wconf 71' lang='lat' dir='ltr'><strong>a.</strong></span> <span class='ocrx_word' id='word_1_333' title='bbox 480 4417 502 4467; x_wconf 72' lang='lat' dir='ltr'><strong>p.</strong></span> <span class='ocrx_word' id='word_1_334' title='bbox 522 4400 565 4452; x_wconf 79' lang='lat' dir='ltr'><strong>or.</strong></span> <span class='ocrx_word' id='word_1_335' title='bbox 584 4399 624 4452; x_wconf 79' lang='lat' dir='ltr'><strong>ro.</strong></span> 
     </span>
    </p>
   </div>
   <div class='ocr_carea' id='block_1_5' title="bbox 0 0 1549 5108">
    <p class='ocr_par' dir='ltr' id='par_1_6' title="bbox 0 0 1549 5108">
     <span class='ocr_line' id='line_1_41' title="bbox 0 0 1549 5108; baseline 0 0"><span class='ocrx_word' id='word_1_336' title='bbox 0 0 1549 5108; x_wconf 95' lang='lat' dir='ltr'><strong> </strong></span> 
     </span>
    </p>
   </div>
  </div>
 </body>
</html>
