3114 5110
741 224 964 286 ..20-

275 400 405 461 Venetiis
434 400 560 479 prodiit,
590 408 618 460 et
647 399 728 460 Cion.
752 400 930 460 Remendini
953 399 1087 480 Capitolii
1122 419 1161 460 ne
1183 399 1273 460 verbe
1303 399 1420 478 quidem

276 499 477 560 meminerint.
515 499 574 560 Sed
597 499 755 560 redeamus
778 500 856 559 unde
879 499 1003 576 digressi
1025 518 1138 560 sunms.
1176 498 1220 558 Ex
1241 499 1356 560 duobus
1373 498 1421 576 qui

276 597 498 676 appellabantur
510 616 533 657 s.
544 597 664 666 Felices,
678 599 821 669 Adonem,
834 597 883 676 qui
902 597 1053 676 utriusque
1069 606 1132 658 acta
1148 600 1272 658 confusa
1286 597 1317 656 in
1332 615 1420 658 unam

274 695 445 756 relationem
476 695 750 773 conglomeravit⁴⁸l
787 695 811 755 si
842 695 1021 772 neglexeris,
1049 715 1072 755 s.
1102 694 1227 756 Felicem
1257 695 1421 756 Romanum

274 795 371 854 selum
406 794 441 854 ad
476 813 533 854 nos
566 794 718 874 pertinere
753 812 921 871 cognosces.
985 793 1074 854 Cuius
1107 793 1198 864 actis,
1231 811 1298 853 eum
1332 793 1421 854 Nolae

273 891 378 952 vixerit
405 899 494 972 atque
527 901 666 953 mortuus
690 892 743 960 sit,
771 879 842 970 quin
866 891 937 952 illud
961 891 1133 971 Capitolium
1157 892 1340 970 significetur
1361 910 1420 952 nen

274 991 396 1052 dubium
415 991 530 1051 videtur
545 987 665 1065 esse⁴⁹).
684 1023 725 1034 -
737 991 899 1069 Antiquom
917 990 1057 1068 oppidum
1075 999 1138 1050 erat
1160 991 1265 1050 eodem
1282 991 1347 1051 lece
1363 1009 1420 1069 quo

273 1089 347 1149 Nola
381 1109 456 1170 quae
484 1107 565 1150 nunc
595 1099 641 1151 est
669 1089 759 1168 idque
782 1089 817 1148 in
846 1088 1024 1167 planitie⁵⁰l
1070 1089 1172 1168 ltaque
1193 1089 1219 1148 si
1242 1089 1419 1167 Capitolium

274 1187 376 1250 hahuit
399 1189 468 1249 illud
492 1189 523 1248 in
547 1189 635 1268 plano
658 1189 721 1248 solo
744 1187 836 1248 fuisse
859 1187 1018 1248 verisimile
1041 1194 1097 1247 est.
1143 1186 1215 1246 Cum
1240 1187 1320 1247 Sulla
1342 1206 1418 1247 anno

273 1307 299 1348 a.
322 1287 390 1348 Chr.
414 1305 441 1346 n.
466 1285 505 1346 80
534 1285 689 1346 Samnium
719 1285 881 1357 subiceret,
914 1283 945 1344 in
973 1285 1008 1344 iis
1039 1291 1102 1344 erat
1131 1283 1261 1363 oppidis,
1290 1303 1366 1363 quae
1394 1287 1419 1346 ei

272 1385 437 1446 diutissime
461 1385 649 1464 maximeque
669 1383 853 1444 resisterent.
899 1383 1031 1444 Tandem
1056 1383 1129 1444 urbe
1150 1402 1166 1443 a
1195 1383 1344 1462 praesidio
1367 1385 1419 1445 de-

276 1491 354 1544 serta
379 1492 468 1562 atque
491 1483 584 1544 deleta
608 1483 734 1543 dictator
757 1501 843 1561 agros
859 1481 1002 1542 militibus
1022 1480 1240 1560 adsignavitfl),
1264 1482 1317 1542 sed
1341 1483 1419 1544 cole-

273 1581 352 1642 niam
376 1579 417 1642 ibi
441 1581 631 1642 constituisse
652 1599 712 1641 non
736 1581 860 1650 videtur,
888 1597 955 1640 cum
979 1579 1080 1640 Cicero
1104 1578 1148 1640 bis
1174 1579 1206 1640 iu
1230 1581 1294 1658 lege
1317 1590 1419 1642 centra

273 1679 391 1740 Rullum
427 1679 538 1758 agraria
572 1679 744 1758 praecipuas
776 1678 950 1757 Campaniae
985 1677 1073 1738 urbes
1104 1695 1284 1738 enumerans
1315 1679 1417 1740 Nolam

272 1777 390 1839 silentio
424 1783 595 1856 praetereat.
653 1777 727 1837 Cum
762 1785 859 1837 autem
900 1775 1005 1856 primis
1045 1775 1259 1854 imperatorum
1294 1778 1419 1838 saeculis

271 1876 376 1938 urbem
399 1893 461 1936 non
492 1876 572 1955 parvi
596 1875 724 1934 neminis
747 1875 838 1935 fuisse
868 1875 1007 1942 sciamus,
1030 1875 1193 1934 revocanda
1216 1875 1418 1936 videturesse

270 1976 335 2036 eius
363 1974 537 2054 magnitudo
560 1974 596 2034 ad
618 1974 803 2051 Augustum,
838 1973 889 2052 qui
917 1993 952 2032 eo
979 1973 1138 2041 coloniam,
1173 1991 1261 2052 quam
1293 1974 1418 2036 subinde

271 2074 466 2153 Vespasianus
500 2073 660 2152 supplevit,
695 2072 817 2132 deduxit
845 2080 875 2131 et
903 2089 969 2132 eum
999 2081 1080 2130 esset
1106 2071 1200 2149 patrie
1227 2090 1279 2132 sua
1304 2074 1419 2133 ornavit

270 2179 360 2251 atque
382 2169 518 2247 solitu),

766 2345 917 2416 Pompeii.

355 2465 478 2525 Vitruvii
493 2463 639 2544 verbis⁶³l
656 2464 760 2524 contisi
777 2464 882 2525 Castan
899 2465 917 2524 l.
935 2483 958 2524 c.
976 2483 1004 2544 p.
1021 2464 1061 2524 66
1085 2473 1115 2525 et
1130 2464 1181 2542 qui
1195 2463 1277 2524 illum
1295 2473 1417 2526 secutus

269 2573 313 2626 est
329 2564 426 2642 Saglio
443 2563 591 2642 Pompeiis
613 2563 756 2641 templum
774 2563 970 2640 Capitolinum
994 2563 1086 2623 fuisse
1109 2571 1287 2624 statuerunt.
1334 2563 1417 2624 ldem

269 2670 298 2723 et
320 2681 373 2740 ege
397 2679 577 2741 quemquam
601 2660 671 2720 alias
694 2660 732 2720 eb
749 2679 851 2720 causas
867 2669 948 2740 puto.
981 2663 1021 2720 Ac
1037 2663 1165 2740 primum
1188 2661 1275 2721 rerba
1294 2662 1417 2723 Vitruvii

335 2790 368 2855 ⁴⁸)
387 2788 419 2839 el.
437 2789 499 2838 ibid.
518 2803 543 2854 p.
562 2786 612 2836 220
631 2785 647 2852 ξ
666 2785 706 2840 ΙΙΙ.

334 2872 366 2934 ⁴⁹)
390 2872 406 2920 l.
429 2889 451 2921 c.
469 2886 493 2936 p.
512 2869 561 2919 233
590 2867 653 2932 §12
691 2871 717 2919 Β.
738 2869 813 2920 Felix
836 2872 1020 2938 presbyter..
1043 2878 1102 2920 ante
1124 2871 1266 2936 praesidem
1290 2871 1416 2922 Dreeeum

215 2939 217 2944 ¹
267 2954 401 3016 adductus,
422 2969 476 3003 eum
495 2953 573 3004 multa
592 2954 622 3002 de
635 2954 763 3018 portentis
776 2953 889 3015 deorum,
907 2953 971 3017 quod
985 2953 1049 3002 nihil
1062 2960 1158 3014 essent,
1176 2953 1328 3018 disputaret,
1347 2969 1417 3002 cum-

267 3050 314 3098 que
328 3033 472 3098 prnelcetus
485 3034 616 3084 immolare
630 3034 782 3098 impelleret,
795 3035 940 3098 respondit:
954 3032 1051 3083 Inimici
1065 3035 1129 3083 estis
1139 3034 1241 3084 deorum
1253 3042 1414 3094 vestrorum

267 3116 297 3163 ad
318 3130 480 3180 quaecunque
499 3115 562 3164 enim
581 3129 620 3163 me
638 3114 741 3164 deornm
760 3121 904 3164 vestrorum
924 3116 1016 3180 templa
1035 3115 1170 3174 duxeritis,
1189 3117 1237 3166 hoe
1250 3118 1289 3166 eis
1303 3117 1411 3174 eveniet,

267 3195 333 3260 qnod
353 3196 440 3245 evcnit
457 3195 521 3257 illis,
542 3196 572 3244 ad
587 3209 659 3258 quem
677 3208 757 3242 meum
770 3193 877 3244 fratrem
889 3195 999 3244 Felicem
1018 3212 1064 3245 ves
1077 3197 1182 3246 duxisse
1201 3199 1333 3262 paenituit.
1359 3199 1409 3246 Sed

267 3276 291 3325 si
310 3276 393 3327 vultis
412 3276 521 3340 probare
538 3275 663 3326 virtutem
686 3275 782 3325 demini
805 3277 855 3326 mei
877 3275 933 3326 Iesu
952 3277 1063 3340 Christi,
1091 3293 1129 3327 me
1148 3279 1178 3328 ad
1198 3279 1353 3344 Capitolium
1370 3280 1411 3329 ire

266 3357 366 3422 iubete,
389 3365 417 3408 ut
435 3358 516 3422 ipsum
535 3357 619 3408 lovem
636 3356 777 3421 principem
795 3357 983 3408 daemoniorum
1002 3365 1149 3409 vestrorum
1167 3375 1244 3410 ruere
1263 3359 1364 3411 luciam.

332 3439 364 3504 ⁵⁰)
382 3439 439 3489 Liv.
461 3439 506 3489 lib.
526 3435 611 3488 XXlll
633 3439 679 3488 45:
707 3437 811 3502 Nolam,
834 3446 998 3506 campestrem
1023 3440 1123 3504 urbem,
1148 3456 1196 3490 neu
1220 3443 1336 3496 flumine.
1362 3457 1414 3491 non

264 3520 330 3569 mari
349 3526 476 3584 saeptnm3
503 3517 536 3571 el.
554 3519 601 3569 Sil.
621 3517 677 3571 ital.
695 3518 745 3569 Xll
766 3521 821 3572 162.

332 3600 364 3662 ⁵¹)
383 3599 428 3650 lib.
447 3601 496 3651 cel.
514 3617 537 3666 p.
557 3601 616 3665 236,
634 3602 663 3663 33
691 3601 792 3668 Zumpt.
810 3603 828 3652 l.
847 3618 868 3652 c.
886 3619 910 3668 p.
930 3603 987 3652 254.

330 3681 363 3745 ⁵¹)
381 3681 475 3732 Merite
493 3683 572 3746 igitur
590 3685 613 3732 in
633 3699 737 3734 numere
756 3691 796 3734 est
813 3684 1001 3746 duodetriginta
1021 3685 1179 3735 coloniarum
1196 3699 1258 3750 quas
1277 3684 1414 3748 Augustus

263 3777 291 3814 se
315 3763 396 3829 ipsum
418 3763 444 3812 in
468 3762 542 3814 ltalia
566 3765 702 3816 deduxisse
723 3765 861 3830 profitetur
878 3765 945 3815 Mon.
964 3766 1060 3832 Aneyr.
1081 3765 1150 3816 136.
1186 3767 1294 3816 Celenie
1312 3767 1414 3816 dicitur

262 3843 282 3896 l.
301 3843 328 3894 ll.
347 3845 378 3896 N.
400 3845 474 3896 1985.
496 3846 569 3898 1997.

329 3926 363 3990 ⁵⁸)
382 3926 426 3976 lib.
439 3925 473 3976 lll
485 3927 512 3977 2:
532 3925 557 3977 ln
577 3927 735 3995 araeostylis
753 3935 837 3978 autem
856 3943 902 3978 nee
920 3928 1029 3993 lapideis
1049 3943 1095 3978 nee
1112 3928 1263 3979 marmoreis
1275 3928 1412 3995 epistyliis

260 4007 300 4056 uti
322 4007 411 4070 datur,
438 4007 482 4057 scd
505 4009 670 4075 imponendae
693 4010 724 4058 de
746 4011 853 4059 materia
874 4011 961 4071 trabes
979 4017 1118 4076 perpetuae
1136 4017 1164 4061 et
1181 4011 1291 4076 ipsarum
1309 4009 1412 4061 aedium

260 4087 359 4151 species
388 4095 447 4138 sunt
476 4091 660 4157 beryceplmlae
687 4091 795 4141 humiles
824 4092 892 4141 lutae
917 4099 1089 4158 ornanturque
1112 4092 1194 4156 signis
1217 4092 1341 4142 fictilibus
1363 4101 1413 4143 aut

261 4169 347 4218 aereis
365 4168 490 4220 inauratis
509 4187 596 4222 eorum
614 4171 720 4234 lastigie
738 4171 870 4222 tuscanico
890 4187 968 4235 more,
987 4173 1027 4222 uti
1047 4181 1088 4224 cst
1105 4174 1137 4222 ad
1156 4173 1256 4223 Circum
1268 4170 1411 4232 Merinum

260 4248 363 4301 Cereris
381 4258 407 4302 et
424 4249 542 4302 llereulis
555 4253 709 4318 Pompeiani,
728 4254 789 4304 item
802 4253 934 4320 Capitolii.
970 4255 1013 4305 Sic
1032 4255 1098 4307 enim
1114 4263 1145 4306 ut
1162 4255 1333 4306 intercidatur
1351 4256 1410 4321 ipsa
