3086 5110
589 379 809 442 „31..

123 561 256 642 planitie,
280 579 341 622 non
365 559 468 641 procul
491 557 527 619 ab
549 557 630 618 Arno
653 556 792 630 llumine,
822 574 888 618 cum
912 555 1052 618 Faesulae
1075 554 1148 616 sitae
1171 562 1270 616 essent

121 661 154 720 in
178 667 295 732 monte3
318 679 375 740 qua
398 677 430 720 re
452 676 514 719 non
530 657 637 717 mirum
662 655 740 735 quod
756 654 919 718 incolarum
946 671 1089 717 numerus
1105 653 1163 715 illic
1178 672 1269 733 auge-

122 759 211 820 batur
233 757 280 818 hic
304 756 500 818 minuebatur.
546 756 627 828 Quae
650 757 787 814 feruntur
809 755 845 816 de
868 755 999 817 Faesulis
1022 753 1197 815 allemanie
1219 753 1269 813 de·

124 857 245 919 structis
274 875 306 918 ac
337 857 373 917 de
395 855 543 918 Florentia
567 855 683 916 condita
704 853 819 915 fabulae
841 855 1015 916 recentioris
1038 853 1176 915 videntur
1205 871 1271 914 esse

125 955 238 1032 aetatiS,
255 973 381 1036 quarum
400 954 520 1032 vestigia
537 961 571 1013 ut
586 951 713 1031 aperiret
728 951 841 1012 nemini
857 953 954 1014 adhuc
971 952 1105 1031 contigit.
1130 953 1270 1012 ¹Annales

126 1055 205 1114 enim
230 1055 469 1116 Florentinorum
493 1053 643 1120 Romanos
666 1059 788 1112 narrant
810 1051 947 1113 Faesulas
971 1052 1152 1112 destruxisse
1174 1061 1203 1112 et
1224 1052 1272 1111 in-

127 1153 205 1212 colas
235 1153 370 1214 innova
405 1152 479 1214 urbe
508 1151 641 1212 habitare
675 1149 815 1228 coegisse.
868 1152 962 1224 Quam
989 1151 1096 1211 lamam
1120 1151 1271 1229 vulgarem

127 1251 249 1313 Dantius
272 1270 390 1331 qnoque
412 1252 564 1330 amplexus
588 1257 641 1321 est,
665 1267 732 1309 cum
756 1248 839 1309 dicit:

372 1349 416 1410 ltla
440 1347 527 1428 quell'
549 1348 663 1425 ingrato
687 1348 794 1426 popolo
818 1347 944 1425 maligno

373 1447 432 1508 Che
455 1447 567 1508 discese
590 1446 618 1506 di
641 1445 754 1506 Fiesole
777 1445 813 1506 ab
835 1445 941 1518 antico,

373 1545 498 1606 E¹tiene
520 1563 609 1606 ancor
633 1544 679 1605 del
703 1553 803 1604 monte
826 1563 842 1605 e
864 1545 911 1605 del
935 1544 1081 1622 maeigno'

372 1642 407 1704 Ti
430 1643 454 1704 si
477 1644 545 1715 lare,
569 1661 623 1723 per
645 1653 696 1704 tuo
719 1643 777 1704 ben
801 1644 855 1714 far,
879 1643 998 1704 nimico.

214 1741 316 1821 Neque
344 1761 414 1802 vero
443 1741 565 1802 dubium
596 1742 711 1802 videtur
734 1743 806 1821 quin
830 1741 885 1803 illis
908 1741 1006 1814 bellis,
1041 1761 1117 1821 quae
1146 1742 1273 1803 Romani

102 1867 104 1872 ·
128 1859 196 1902 cum
220 1838 390 1901 Faesulanis
414 1839 542 1916 gessisse
565 1840 737 1913 traduntur,
761 1840 808 1902 illa
829 1830 1087 1920 emineant,'quae
1103 1842 1182 1902 inter
1203 1841 1272 1902 Flo-

126 1939 261 2000 reutinos
278 1946 309 1998 et
325 1937 503 1998 Faesulanos
523 1956 576 2017 per
590 1947 687 2000 totum
707 1939 834 2000 medium
853 1959 954 2000 aevum
973 1947 1052 2018 gesta
1077 1948 1156 2013 sunt,
1180 1941 1275 2000 donec

123 2038 268 2098 Faesulae
295 2037 414 2097 tandem
447 2055 525 2098 anno
550 2036 631 2098 1125
665 2048 847 2118 expugnatae
874 2039 1007 2112 funditus
1034 2038 1273 2118 delerentur¹¹³).

128 2135 231 2215 Neque
263 2135 353 2214 igitur
383 2135 455 2196 fides
484 2134 619 2198 habenda
649 2136 719 2196 viris
749 2137 843 2197 doctis
867 2137 960 2210 ltalis,
984 2137 1033 2217 qui
1057 2137 1234 2198 Florentiam
1259 2155 1274 2198 a

127 2233 299 2318 Faesulanis
321 2231 339 2292 i.
363 2251 387 2291 e.
412 2251 427 2292 a
455 2233 574 2293 Sullana
605 2234 721 2295 colonia
750 2235 899 2296 conditam
928 2235 1091 2315 incolisque
1121 2235 1273 2316 impletam

128 2352 193 2395 esse
215 2332 394 2393 fabulentur.
439 2332 559 2394 Constat
582 2333 761 2394 Florentiam
785 2353 800 2396 a
824 2335 984 2396 triumviris
1001 2335 1145 2396 coloniam
1163 2336 1273 2396 deduc-

126 2441 186 2492 tam
211 2450 285 2503 esse,
312 2450 406 2511 neque
431 2432 556 2493 multum
572 2433 608 2494 ab
623 2451 657 2494 ea
681 2452 713 2493 re
736 2433 876 2494 dillerunt
899 2435 1019 2497 annales
1040 2435 1080 2494 illi
1103 2434 1274 2506 Florentini,

127 2530 177 2610 qui
200 2529 304 2591 urbem
327 2549 342 2590 a
362 2531 485 2592 Caesare
507 2531 656 2591 conditam
674 2549 739 2592 esse
761 2531 964 2608 referuntffl).
1004 2533 1061 2592 Sed
1079 2533 1157 2615 quod
1179 2531 1273 2592 maxi—

129 2646 209 2703 mum
233 2637 286 2699 est,
310 2647 376 2690 cum
400 2629 578 2690 Florentiam
603 2630 716 2691 colonia
738 2631 946 2706 deducebatur,
969 2631 1041 2693 urbs
1066 2649 1127 2692 non
1155 2631 1274 2692 condita

126 2728 178 2788 sed
201 2729 233 2789 in
257 2728 369 2799 urbem,
393 2747 469 2809 quae
490 2729 548 2789 iam
560 2729 636 2790 hello
649 2729 748 2790 sociali
770 2731 910 2801 exstabat,
933 2732 1048 2792 colonia
1071 2731 1194 2792 deducta
1218 2737 1274 2791 est.

26 2878 29 2883 .
128 2826 216 2887 Nunc
237 2836 422 2888 revertamur
446 2828 481 2888 ad
505 2828 587 2887 illum
610 2828 731 2888 titulum
754 2847 814 2906 quo
839 2829 995 2888 Petronius
1020 2829 1126 2890 dicitur
1143 2829 1274 2908 pontifex

129 2924 257 2986 Faesulis
279 2934 309 2986 et
323 2925 500 2988 Florentiae.
539 2926 620 2997 Quae
643 2925 730 2986 verba
753 2925 796 2984 sic
818 2925 1004 3004 intelligenda
1027 2934 1098 2986 sunt
1119 2935 1274 3006 tamquam

130 3022 179 3083 ille
195 3025 298 3086 eodem
314 3033 451 3104 tempore
466 3023 599 3085 Faesulis
615 3030 643 3084 et
659 3023 825 3084 Florentiae
841 3023 1046 3102 magistratum
1062 3025 1275 3086 sacerdotalem

127 3121 260 3184 tenuisse
293 3121 477 3202 dicator-11⁵).
534 3121 577 3182 tu
610 3141 692 3184 sacra
718 3123 862 3202 quaedam
891 3123 1023 3184 facienda
1052 3131 1086 3184 ut
1113 3124 1276 3204 compluria

129 3221 237 3301 oppida
259 3223 305 3282 vel
327 3223 463 3300 regiones
479 3223 558 3284 inter
573 3240 606 3282 se
621 3222 835 3300 coniungerent
857 3223 976 3302 saepius
997 3222 1107 3284 fectum
1133 3233 1185 3285 est.
1218 3224 1275 3284 Sed

127 3321 252 3380 fortasse
275 3337 336 3379 non
359 3321 534 3392 errabimus,
558 3321 583 3382 si
605 3321 692 3400 paulo
722 3321 839 3398 longius
868 3321 1093 3400 progrediemur
1122 3332 1152 3383 et
1179 3323 1276 3401 impe-

129 3425 262 3479 ratorum
287 3419 452 3498 posteriore
474 3427 571 3481 aetate
587 3420 725 3480 Faesulas
748 3419 880 3480 coloniae
904 3419 1094 3481 Florentinae
1110 3420 1276 3499 adsignatos

130 3535 196 3578 esse
221 3516 481 3598 opinabimur¹¹⁶t
527 3518 585 3581 Sed
606 3535 654 3580 res
675 3517 706 3579 in
729 3517 819 3580 dubio
843 3525 895 3580 est.

197 3684 240 3748 ¹¹⁸)
264 3683 342 3736 Aliud
376 3697 473 3749 quoque
505 3691 591 3734 mouet
620 3683 775 3746 llsrtwigius
802 3683 869 3733 libro
901 3699 972 3750 quem
1004 3683 1135 3748 Morburgi
1160 3699 1182 3735 a.
1211 3686 1276 3736 tete

130 3766 225 3832 emisit,
243 3767 281 3817 sic
299 3765 462 3832 inscriptum:
483 3764 591 3830 Quellcu
609 3767 659 3816 und
670 3765 850 3830 Forschuugen
870 3781 918 3816 aur
936 3767 1047 3816 iiltesten
1061 3765 1213 3818 Geschichte
1232 3769 1277 3818 der

132 3848 204 3897 Stsdt
227 3848 337 3899 Florenz
362 3864 384 3915 p.
409 3845 502 3898 XXIV.
542 3845 649 3898 Nomine
674 3848 740 3899 onim
766 3848 856 3898 ducum
875 3847 1055 3912 Romanorum,
1074 3865 1136 3916 quos
1155 3849 1277 3902 Faesulas

134 3929 293 3982 destruxisse
311 3931 417 3982 snnsles
436 3929 562 3993 referunt,
580 3930 612 3980 ad
630 3931 729 3982 uomina
753 3931 875 3982 montium
898 3930 992 3980 circum
1014 3931 1101 3981 urbem
1124 3933 1277 3984 exstantium

132 4009 270 4076 pertinent.

203 4092 247 4158 ¹¹⁴)
264 4095 306 4145 vd.
325 4094 401 4146 inira.

201 4175 388 4240 ¹¹⁵)1ltenim
405 4179 524 4245 usurpari
549 4177 630 4242 solet,
654 4175 734 4244 siquis
757 4177 842 4229 eodem
863 4185 991 4244 tempore,
1015 4175 1090 4228 item
1111 4177 1134 4229 si
1158 4178 1277 4248 deinceps

134 4258 232 4310 duobus
249 4258 395 4309 munoribus
413 4258 543 4325 iungitur3
562 4258 594 4310 ef.
615 4259 769 4312 Wilmsnus.
789 4259 835 4310 llx.
855 4275 879 4310 n.
902 4259 966 4310 1141
985 4259 1042 4309 eds.

199 4342 241 4406 ¹¹⁸)
261 4340 305 4392 Sic
324 4347 396 4392 certe
414 4341 463 4393 ism
482 4343 624 4410 imperante
643 4341 754 4392 Troiano
774 4355 819 4406 pro
837 4355 888 4392 uua
905 4341 1006 4392 colosis
1030 4341 1102 4392 Cirts
1120 4340 1276 4392 constitutae

129 4429 189 4477 suot
206 4429 328 4493 quattuor
345 4423 438 4490 (Cirta,
456 4426 504 4476 ool.
524 4424 637 4476 Veneris
655 4423 793 4489 ltusiesde,
812 4423 861 4474 eol.
881 4422 1017 4474 sarnensis
1036 4421 1129 4486 Milev,
1148 4424 1196 4474 eol.
1220 4423 1277 4476 Mi-
