3086 5110
228 1352 410 1461 capitolium
433 1381 600 1441 Romanum
624 1387 782 1460 postquam
807 1381 857 1441 diu
886 1387 915 1440 et
938 1380 1044 1442 acriter
1066 1401 1081 1442 a
1105 1379 1173 1440 viris
1196 1381 1290 1442 doctis

131 1482 341 1560 disceptatum
365 1487 410 1541 est
432 1487 532 1540 utrum
548 1479 638 1540 fuerit
660 1477 690 1538 in
706 1480 816 1540 montis
833 1489 915 1560 parte
931 1480 966 1540 ad
984 1479 1134 1540 meridiem
1152 1497 1290 1540 conversa

134 1597 177 1640 an
205 1579 236 1638 in
260 1599 325 1640 arce
348 1598 414 1639 cum
438 1567 548 1638 nostris
571 1577 758 1658 temporibus
775 1579 973 1640 controversia
997 1579 1161 1658 composita
1185 1578 1224 1638 sit
1239 1579 1289 1652 ita,

132 1682 175 1739 'ut
200 1678 313 1738 nemini
336 1675 456 1737 dubium
480 1695 545 1736 esse
568 1677 660 1755 possit
683 1677 753 1756 quin
778 1697 812 1738 eo
828 1678 936 1740 montis
959 1679 1023 1740 loco
1039 1677 1184 1757 templum
1202 1677 1291 1737 luerit

136 1775 196 1856 qui
219 1775 372 1858 proprium
397 1774 531 1854 Capitolii
559 1793 671 1835 nomen
701 1775 864 1851 haberet¹)‚
896 1776 1153 1856 operaepretium
1176 1775 1291 1836 videtur

139 1895 211 1936 esse
246 1875 409 1936 accuratius
438 1875 615 1954 perscrutari
644 1894 720 1954 quae
748 1875 901 1954 supersint
928 1875 1047 1954 vestigia
1076 1873 1288 1954 Capitoliorum

79 2030 84 2038 .
139 1974 225 2036 orbis
248 1974 384 2034 Romani.

232 2073 316 2146 Quod
346 2071 461 2150 aggredi
491 2072 515 2132 si
550 2071 643 2132 audeo
673 2071 802 2150 primum
831 2069 915 2132 venia
950 2068 1020 2130 mihi
1053 2069 1178 2148 petenda
1210 2070 1289 2148 quod

144 2173 274 2232 fortasse
303 2170 400 2230 minus
430 2169 606 2248 praestitero
637 2188 724 2248 quam
758 2169 808 2248 qui
837 2169 935 2248 legent
962 2167 1182 2246 exspectabunt.
1233 2167 1290 2230 Res

146 2271 226 2332 enim
249 2266 477 2346 topographicae
504 2286 571 2327 cum
604 2267 712 2348 ubique
741 2267 805 2328 fere
833 2267 983 2345 pendeant
1010 2285 1046 2325 ex
1073 2265 1290 2342 effossionibus,

145 2375 181 2429 ut
203 2368 242 2428 ita
265 2367 369 2437 dicam,
392 2365 582 2426 instituendis
605 2385 702 2445 neque
724 2365 942 2444 provinciarum
964 2364 1173 2443 antiquitatum
1197 2384 1291 2446 usque

149 2467 183 2527 ad
208 2472 307 2526 nostra
325 2473 458 2543 tempora
481 2483 497 2525 a
520 2463 588 2525 viris
611 2464 705 2525 doctis
728 2483 761 2525 ea
785 2482 840 2542 qua
865 2482 939 2542 opus
963 2471 1007 2523 est
1029 2463 1104 2522 ratio
1121 2461 1219 2524 habita
1242 2465 1291 2536 sit,

146 2565 261 2644 saepius
285 2572 317 2625 ut
340 2564 374 2625 ad
404 2573 517 2624 certum
543 2563 683 2624 iudicium
712 2581 832 2624 vocarer
857 2562 920 2622 fieri
952 2579 1014 2622 non
1042 2561 1174 2640 potuisse
1202 2580 1291 2623 nemo

147 2682 210 2725 non
234 2662 305 2723 mihi
328 2663 478 2724 concedet.
524 2661 621 2722 Nihilo
654 2663 746 2724 setius
774 2661 980 2742 quaestionem
1012 2661 1129 2740 suscepi
1152 2663 1292 2724 suadente

146 2762 181 2824 H.
204 2762 334 2822 Jordano
357 2761 408 2840 qui
431 2769 549 2840 quaest
571 2779 690 2840 semper
712 2761 850 2822 comitate
873 2770 902 2822 et
925 2761 1109 2822 humanitate
1132 2761 1163 2820 in
1187 2762 1292 2842 studiis

148 2860 362 2938 discipulorum
386 2859 557 2920 adiuvandis
581 2877 641 2919 non
665 2861 760 2920 solum
785 2879 846 2920 mea
871 2879 957 2920 causa
973 2860 1051 2920 viros
1068 2860 1172 2919 doctos
1188 2859 1292 2920 litteris

148 2959 220 3018 adiit
242 2965 275 3017 ut
298 2956 347 3016 ubi
370 2957 468 3036 inopia
494 2957 707 3037 praesidiorum
725 2958 939 3018 haesitaremus
963 2958 999 3016 de
1022 2958 1056 3018 iis
1080 2976 1134 3018 uos
1151 2957 1292 3018 certiores

148 3059 280 3118 lacerent
309 3056 359 3115 sed
389 3055 452 3134 ipse
481 3055 571 3116 libros
600 3075 675 3135 quos
707 3066 807 3118 nostra
837 3057 869 3117 in
901 3055 1077 3116 bibliotheca
1108 3055 1195 3118 nobis
1231 3072 1293 3117 non

147 3153 230 3216 licuit
253 3173 320 3215 oum
343 3153 473 3215 Berolini
496 3165 665 3217 versaretur
686 3155 826 3234 inspexit.

233 3252 295 3313 Tali
318 3253 407 3330 igitur
430 3252 535 3313 auxilio
558 3272 631 3314 usus
654 3253 859 3334 quaestionem
888 3253 928 3314 ita
958 3253 1073 3314 auxisse
1096 3252 1167 3314 mihi
1190 3253 1291 3314 videor

148 3358 180 3411 ut
204 3349 412 3429 Capitoliorum
435 3352 577 3413 maiorem
602 3371 691 3432 quarn
714 3359 800 3414 antea
827 3355 936 3412 factum
969 3360 1032 3412 erat
1061 3369 1220 3413 numerum
1244 3351 1293 3412 iu·

149 3448 324 3526 vestigarem
354 3451 627 3530 nonnullorumque
647 3450 779 3529 'vestigia
808 3447 892 3511 novis
921 3449 1100 3510 testimoniis
1135 3450 1292 3512 afferendis

148 3547 307 3607 firmarem.
352 3545 435 3608 Licet
463 3548 553 3626 igitur
580 3567 641 3609 non
668 3549 751 3629 plane
779 3548 987 3626 cumulateque
1017 3548 1113 3608 soluta
1137 3548 1183 3620 sit,
1214 3557 1293 3610 certe

148 3656 287 3724 provecta
310 3646 427 3716 estha,
457 3655 489 3706 ut
511 3647 547 3707 de
565 3647 677 3726 origine
701 3645 910 3725 Capitoliorum
932 3644 1156 3724 provincialium
1178 3656 1291 3709 certum

148 3743 287 3804 iudicium
310 3744 380 3804 ferri
403 3745 505 3823 possit.

235 3841 291 3901 Sed
322 3849 482 3921 antequam
510 3843 608 3922 ipsum
638 3851 847 3924 argumentum
881 3860 1041 3922 persequar
1073 3842 1149 3903 ratio
1178 3843 1293 3905 videtur

151 3939 298 4018 postulare
320 3948 354 4000 ut
377 3940 483 4021 quibus
505 3941 659 4020 praesidiis
676 3942 758 4002 nisus
773 3942 807 4002 ad
825 3959 888 4002 rem
905 3941 1103 4019 explicandam
1121 3941 1292 4002 accesserim

150 4035 260 4116 quique
283 4046 350 4098 ante
373 4057 427 4099 nos
450 4040 552 4100 eadem
575 4037 797 4121 inquae’stione'
811 4039 918 4100 versati
940 4039 999 4101 sint
1015 4038 1118 4118 paucis
1135 4057 1289 4120 exponam.

149 4134 252 4214 Neque
282 4125 425 4214 quaedam
456 4137 574 4216 indigna
601 4149 671 4200 sunt
700 4157 774 4218 quae
807 4137 992 4218 proludendo
1019 4145 1293 4200 commemorentur

219 4339 239 4406 ¹)
256 4339 298 4393 vd.
317 4341 346 4392 ll.
365 4341 469 4392 Jordaui
488 4342 562 4408 epist.
582 4342 611 4392 ad
630 4341 786 4392 Lancianurn
804 4341 937 4392 annalibus
961 4341 1021 4390 inst.
1040 4341 1108 4404 arch.
1128 4357 1150 4393 a.
1171 4341 1235 4392 1876
1254 4340 1294 4390 ἰιι·

150 4428 309 4474 santanaco
329 4437 378 4472 non
396 4420 504 4489 Topogr.
527 4421 598 4473 urhis
616 4422 710 4474 Rornae
728 4423 781 4475 vol.
801 4421 810 4471 l
830 4421 844 4471 2
863 4438 886 4488 p.
906 4423 938 4473 65
949 4437 1001 4488 sqq.
