3114 5110
628 327 853 389 ..15-

168 519 198 580 p.
214 501 280 562 Chr.
298 502 338 563 40
361 502 540 564 exstiterunt
562 503 703 582 prodigia,
731 504 848 584 Capuae
871 502 1046 582 Capitolium
1069 503 1194 566 fulmine
1216 502 1311 566 ictum

168 617 234 660 esse
256 599 335 661 idem
358 601 516 664 Suetonius
540 601 732 680 meminit²⁸t

253 698 304 759 His
338 700 412 762 tanti
446 693 590 763 momenti
617 701 799 780 argumentis
833 701 909 764 addo
937 701 1144 763 testimonium
1174 719 1210 762 ex
1239 701 1311 763 actis

89 868 92 872 ,
167 806 340 859 sauctorum
364 799 582 879 depromptum,
606 800 670 861 dico
692 808 757 862 acta
781 799 832 861 SS.
857 800 926 861 lluli
950 809 980 861 e't
1002 798 1195 881 Carponii²⁴).

254 899 465 960 Verumtamen
510 900 654 978 passionis
701 899 787 961 verbe
832 900 935 961 ultima
977 918 1082 979 parum
1128 900 1241 962 sincera
1282 906 1312 958 et

166 996 375 1070 ‚,autbentica“
400 999 451 1058 sed
467 998 551 1059 variis
566 998 718 1079 inquinata
735 1006 805 1060 sunt
821 999 944 1071 mendis,
968 1019 1044 1078 quae
1059 998 1146 1058 fidem
1164 999 1311 1068 minuant,

167 1095 318 1176 usquein
341 1097 432 1158 altero
455 1097 529 1158 libro
554 1117 608 1159 ms.
631 1098 786 1177 leguntur,
818 1106 851 1158 ut
878 1097 1041 1160 cavendum
1070 1097 1156 1158 nobis
1187 1099 1243 1169 sit,
1271 1116 1310 1159 nc

166 1194 294 1255 nimium
310 1195 476 1256 autoritatis
492 1195 529 1256 iis
543 1196 719 1258 tribuamus.
765 1197 850 1269 Quod
867 1197 945 1258 enim
962 1198 998 1258 de
1013 1198 1073 1259 fine
1096 1199 1311 1278 persecutionis

165 1293 274 1355 dicitur
303 1295 496 1358 falsissimum
525 1305 586 1368 est,
618 1316 686 1358 cum
716 1297 772 1357 sub
794 1296 909 1358 Galerio
932 1299 1090 1361 Maximino
1115 1298 1227 1360 Licinio
1256 1316 1311 1360 nec

165 1409 227 1454 non
256 1393 366 1456 loliano
389 1415 452 1456 eam
476 1397 678 1458 continuatam
703 1415 767 1458 esse
796 1417 850 1478 pro
878 1387 958 1458 certo
986 1399 1156 1460 babeamus.
1200 1397 1310 1458 Deinde

166 1492 299 1571 Capitolii
331 1495 368 1554 de
398 1495 534 1556 incendio
563 1496 641 1575 quod
672 1505 774 1558 auctor
802 1497 949 1576 passionis
978 1496 1128 1558 fabulatur
1155 1497 1195 1559 ita
1222 1497 1310 1558 verba

165 1591 301 1652 Suetonii
324 1593 409 1672 sapit,
434 1602 466 1654 ut
488 1594 523 1654 ad
547 1594 635 1655 fidem
659 1595 837 1656 narrationis
859 1595 1023 1673 augendam
1047 1595 1222 1674 implicitum
1247 1615 1309 1658 esse

165 1690 306 1751 videatur.
343 1691 425 1751 Licet
441 1701 539 1754 autem
555 1703 684 1754 extrema
701 1695 847 1755 enarratio
863 1693 1013 1772 supposita
1031 1693 1070 1754 sit
1085 1702 1114 1754 et
1136 1694 1309 1768 adulterina,

164 1796 264 1850 tamen
298 1797 391 1850 totam
425 1791 603 1852 reiciendum
638 1812 704 1853 esse
737 1793 783 1852 vix
810 1792 974 1877 putaverim
1003 1809 1101 1872 neque
1131 1793 1308 1873 plusquam

164 1887 281 1967 Capuae
314 1896 379 1950 tum
410 1890 583 1970 Capitolium
617 1891 720 1970 inisse
738 1911 773 1953 ex
801 1892 874 1954 actis
902 1891 1078 1970 collegerim.
1123 1891 1308 1971 Quamquam

164 1985 235 2066 quid
258 1987 365 2067 loquor
380 1989 417 2049 de
432 1989 490 2073 fide
513 2009 628 2062 eorum,
652 2009 719 2051 cum
736 1990 912 2070 praetentis
928 1990 983 2050 illis
1007 1989 1183 2050 testimoniis
1207 1999 1306 2051 utrum

163 2096 300 2166 suspecta
333 2088 394 2150 siut
427 2105 527 2150 annon
561 2090 634 2150 nihil
666 2093 782 2152 referat.
832 2089 893 2150 Silii
920 2089 1019 2159 italici,
1048 2089 1100 2168 qui
1133 2088 1306 2169 Capitolium

163 2185 432 2266 commemorate,
456 2189 543 2250 verba
567 2207 655 2270 quam
679 2189 764 2250 nihili
786 2189 846 2250 sint
868 2188 945 2250 infra
968 2187 1184 2267 explicabimus.

248 2285 325 2346 llaec
348 2295 420 2347 sunt
444 2287 575 2367 Capitolii
593 2289 779 2360 documenta,
802 2306 884 2349 nunc
906 2287 976 2367 quid
999 2287 1089 2349 exiis
1110 2287 1306 2367 colligendum

161 2383 200 2444 sit
226 2402 410 2464 quaeramus.
461 2387 502 2447 Ao
529 2387 656 2466 primum
681 2387 801 2466 quidem
822 2405 889 2448 cum
910 2385 1029 2447 Tacitus
1051 2394 1116 2446 tum
1145 2387 1308 2448 Suetonius

162 2481 203 2542 nil
226 2483 285 2544 nisi
308 2483 459 2546 'liberium
483 2485 598 2565 Capuae
622 2485 796 2566 Capitolium
819 2485 970 2546 dedicasse
993 2485 1104 2546 dicunt.
1138 2486 1196 2546 Aut
1218 2485 1307 2564 igitur

161 2579 259 2660 Capua
282 2601 378 2662 usquo
401 2583 436 2644 ad
459 2583 487 2644 id
511 2594 629 2664 tempus
651 2585 717 2646 eius
740 2585 820 2646 modi
842 2585 953 2664 templo
976 2583 1094 2646 carebat
1109 2583 1306 2664 princepsque

160 2681 274 2759 primae
290 2681 354 2742 eius
371 2681 546 2765 dedicationi
562 2684 703 2744 intererat
718 2690 768 2744 aut
783 2683 925 2763 templum
940 2702 1008 2744 casu
1025 2684 1153 2764 quodam
1166 2685 1306 2745 afflictum

160 2787 359 2842 restauratum
386 2789 416 2841 et
438 2781 536 2842 denuo
559 2801 574 2842 a
598 2772 716 2843 'liberio
740 2782 905 2843 dedicatum
934 2781 1035 2856 est²⁸).
1082 2782 1140 2843 Sed
1171 2783 1306 2844 dedicare

161 2896 222 2939 non
246 2880 343 2940 solum
366 2877 503 2940 de'novo
534 2881 646 2961 templo
675 2881 727 2942 sed
755 2881 842 2944 etiam
867 2881 904 2941 de
927 2879 1059 2960 quolibet
1085 2880 1147 2942 sive
1175 2881 1304 2960 primum

161 2977 317 3038 aedificato
333 2979 392 3040 sive
408 2979 546 3040 restituto
563 2980 677 3041 dicitur.
717 2981 817 3060 ltaque
833 2980 950 3041 Castani
966 2979 1155 3052 sententiam,
1171 2979 1221 3059 qui
1237 2999 1304 3041 cum

159 3076 228 3138 talia
251 3077 282 3136 in
305 3079 461 3158 provinciis
484 3079 594 3158 templa
622 3099 657 3140 ex
686 3079 778 3158 gratia
806 3088 894 3158 atque
922 3079 1019 3140 fauore
1046 3078 1212 3158 principum
1240 3086 1305 3141 orta

161 3195 225 3238 esse
256 3177 421 3258 censeat²⁷)
452 3179 593 3260 Campani
616 3177 748 3260 Capitolii
770 3177 919 3238 Tiberium
948 3177 1040 3240 luisse
1070 3186 1219 3239 auctorem
1249 3177 1305 3238 sibi

229 3315 261 3381 ²⁸)
283 3314 309 3366 la
338 3317 391 3368 vita
420 3316 553 3380 Caligulae
580 3334 601 3368 e.
627 3316 670 3368 bl:
710 3315 863 3383 Capitolium
886 3314 1001 3382 Capuae·
1019 3314 1053 3366 lt.
1081 3313 1145 3365 Mar.
1173 3315 1204 3366 de
1231 3314 1303 3366 eaelo

161 3402 260 3544 “cmxl
273 3405 356 3547 eMpnd
375 3481 490 3531 Bollaud.
509 3481 540 3532 Α.
554 3480 597 3532 SS.
611 3479 646 3534 Vl
663 3479 720 3532 llal.
733 3480 802 3546 Sept.
822 3477 927 3544 (mensis
946 3477 1011 3541 Aug.
1029 3484 1081 3527 torn
1099 3473 1158 3540 Vl):
1177 3476 1228 3526 Sub
1246 3477 1304 3527 nio-

159 3563 270 3614 eletiano
290 3565 445 3630 imperatore
464 3571 491 3615 et
508 3563 663 3615 Maximiano
683 3563 794 3614 Caesare
814 3569 871 3614 erat
892 3559 1035 3628 persecutio
1054 3559 1259 3612 Christianorum
1277 3559 1303 3610 in

156 3645 292 3710 provincia
305 3645 464 3712 Campaniae,
482 3647 508 3696 iu
526 3647 619 3713 templo
633 3645 756 3712 Capitolii
769 3645 868 3710 Capuae
887 3679 1068 3695 ...........
1087 3641 1157 3706 Quae
1174 3650 1231 3693 acta
1244 3649 1304 3692 sunt

156 3727 316 3794 temporibus
333 3729 489 3779 Diocletiani
508 3729 670 3794 imperatoris
689 3735 716 3779 et
733 3727 883 3778 Maximiani
896 3725 1015 3776 Caesaris
1032 3731 1059 3776 et
1072 3724 1227 3775 Casselliaui
1245 3739 1303 3790 pro-

155 3811 271 3866 consulis
294 3812 337 3876 qni
359 3812 386 3862 iu
404 3810 533 3877 Capitolio
557 3811 720 3862 deserviebat
742 3809 792 3860 diis
815 3807 1011 3860 sordidissimis.
1056 3805 1128 3871 Quod
1150 3804 1303 3870 Capitolium
1382 3824 1384 3828 ¹

156 3892 265 3943 civitate
279 3892 363 3958 Capua
383 3893 542 3944 orationibus
561 3908 596 3944 ss.
610 3891 664 3942 nun
680 3899 706 3942 et
718 3889 841 3956 Carponii
854 3889 970 3941 Christus
983 3887 1090 3940 fulmine
1103 3903 1148 3940 suo
1161 3887 1303 3950 interemit,

155 3983 184 4027 et
201 3975 273 4025 ultra
290 3989 341 4024 non
359 3977 478 4028 surrexit
495 3975 641 4042 persecutio
660 3989 823 4040 paganorum.

223 4057 258 4119 ²⁶]
275 4055 338 4108 Pun.
356 4057 402 4109 lib.
421 4058 460 4109 Xl
477 4059 541 4109 267:
558 4063 702 4109 monstrant
719 4056 845 4124 Capitolia
864 4056 933 4108 celsa
951 4054 1075 4106 Stellatea
1093 4054 1186 4106 docent
1203 4067 1302 4118 campos

154 4140 324 4205 Cereremque
342 4139 484 4203 benignam.

223 4223 257 4286 ¹⁶)
275 4223 430 4290 Capitolium
447 4225 581 4290 dedicare,
599 4225 716 4290 reficere,
734 4223 873 4276 restituere
891 4227 951 4272 aunt
968 4221 1034 4272 artis
1052 4219 1177 4275 vocabula
1195 4234 1241 4270 neo
1259 4232 1302 4268 so·

153 4305 207 4357 lum
226 4307 257 4357 de
276 4307 334 4373 Cap.
355 4305 425 4356 Rom.
445 4307 489 4356 aed
509 4308 586 4358 etiam
605 4309 635 4358 de
654 4305 791 4373 Capitoliis
809 4303 902 4371 imperi
920 4307 1082 4368 usurpantur.

222 4391 291 4456 117)Ι.
310 4408 332 4442 e.
351 4405 374 4458 p.
394 4389 435 4440 65.
454 4389 495 4441 76.
