<?xml version="1.0" encoding="UTF-8"?>
<!DOCTYPE html PUBLIC "-//W3C//DTD XHTML 1.0 Transitional//EN"
    "http://www.w3.org/TR/xhtml1/DTD/xhtml1-transitional.dtd">
<html xmlns="http://www.w3.org/1999/xhtml" xml:lang="en" lang="en">
 <head>
  <title>
</title>
<meta http-equiv="Content-Type" content="text/html;charset=utf-8" />
  <meta name='ocr-system' content='tesseract 3.04.00' />
  <meta name='ocr-capabilities' content='ocr_page ocr_carea ocr_par ocr_line ocrx_word'/>
</head>
<body>
  <div class='ocr_page' id='page_1' title='image "./decapitoliisimp01kuhfgoog_0115.png"; bbox 0 0 3114 5110; ppageno 0'>
   <div class='ocr_carea' id='block_1_1' title="bbox 713 255 934 317">
    <p class='ocr_par' dir='ltr' id='par_1_1' title="bbox 713 255 934 317">
     <span class='ocr_line' id='line_1_1' title="bbox 713 255 934 317; baseline -0.005 -17"><span class='ocrx_word' id='word_1_1' title='bbox 713 255 934 317; x_wconf 64' lang='lat'>„22-</span> 
     </span>
    </p>
   </div>
   <div class='ocr_carea' id='block_1_2' title="bbox 251 429 1400 2774">
    <p class='ocr_par' dir='ltr' id='par_1_2' title="bbox 251 429 1400 2572">
     <span class='ocr_line' id='line_1_2' title="bbox 337 429 1395 508; baseline -0.005 -14"><span class='ocrx_word' id='word_1_2' title='bbox 337 434 423 494; x_wconf 79' lang='lat' dir='ltr'>Auno</span> <span class='ocrx_word' id='word_1_3' title='bbox 454 431 535 494; x_wconf 82' lang='lat'>1817</span> <span class='ocrx_word' id='word_1_4' title='bbox 567 433 598 493; x_wconf 93' lang='lat' dir='ltr'>in</span> <span class='ocrx_word' id='word_1_5' title='bbox 628 431 700 491; x_wconf 91' lang='lat' dir='ltr'>cella</span> <span class='ocrx_word' id='word_1_6' title='bbox 728 431 844 493; x_wconf 89' lang='lat' dir='ltr'>tabulae</span> <span class='ocrx_word' id='word_1_7' title='bbox 873 431 985 491; x_wconf 77' lang='lat' dir='ltr'><strong>votivae</strong></span> <span class='ocrx_word' id='word_1_8' title='bbox 1007 448 1075 508; x_wconf 88' lang='lat' dir='ltr'>pars</span> <span class='ocrx_word' id='word_1_9' title='bbox 1098 429 1215 490; x_wconf 86' lang='lat' dir='ltr'>inventa</span> <span class='ocrx_word' id='word_1_10' title='bbox 1238 437 1295 502; x_wconf 88' lang='lat' dir='ltr'>est,</span> <span class='ocrx_word' id='word_1_11' title='bbox 1319 447 1395 508; x_wconf 89' lang='lat' dir='ltr'>quae</span> 
     </span>
     <span class='ocr_line' id='line_1_3' title="bbox 253 529 1396 610; baseline -0.004 -17"><span class='ocrx_word' id='word_1_12' title='bbox 253 533 343 593; x_wconf 90' lang='lat' dir='ltr'>altera</span> <span class='ocrx_word' id='word_1_13' title='bbox 364 539 486 610; x_wconf 80' lang='lat' dir='ltr'>partos</span> <span class='ocrx_word' id='word_1_14' title='bbox 509 529 647 590; x_wconf 85' lang='lat' dir='ltr'>Florellio</span> <span class='ocrx_word' id='word_1_15' title='bbox 669 538 785 608; x_wconf 90' lang='lat' dir='ltr'>reporta</span> <span class='ocrx_word' id='word_1_16' title='bbox 808 548 890 590; x_wconf 91' lang='lat' dir='ltr'>nunc</span> <span class='ocrx_word' id='word_1_17' title='bbox 917 547 1011 608; x_wconf 88' lang='lat' dir='ltr'>paene</span> <span class='ocrx_word' id='word_1_18' title='bbox 1039 537 1101 589; x_wconf 91' lang='lat' dir='ltr'>tota</span> <span class='ocrx_word' id='word_1_19' title='bbox 1130 537 1233 589; x_wconf 84' lang='lat' dir='ltr'>exstat.</span> <span class='ocrx_word' id='word_1_20' title='bbox 1254 559 1257 572; x_wconf 82' lang='lat'>.</span> <span class='ocrx_word' id='word_1_21' title='bbox 1278 529 1396 588; x_wconf 81' lang='lat' dir='ltr'>Titulus</span> 
     </span>
     <span class='ocr_line' id='line_1_4' title="bbox 253 626 1396 709; baseline -0.003 -19"><span class='ocrx_word' id='word_1_22' title='bbox 253 631 311 692; x_wconf 86' lang='lat' dir='ltr'>lovi</span> <span class='ocrx_word' id='word_1_23' title='bbox 335 630 446 709; x_wconf 92' lang='lat' dir='ltr'>optimo</span> <span class='ocrx_word' id='word_1_24' title='bbox 469 629 596 690; x_wconf 80' lang='lat' dir='ltr'>marimo</span> <span class='ocrx_word' id='word_1_25' title='bbox 620 629 747 706; x_wconf 77' lang='lat' dir='ltr'>Caligula</span> <span class='ocrx_word' id='word_1_26' title='bbox 776 635 921 706; x_wconf 83' lang='lat' dir='ltr'>regnante</span> <span class='ocrx_word' id='word_1_27' title='bbox 942 627 1020 688; x_wconf 92' lang='lat' dir='ltr'>intra</span> <span class='ocrx_word' id='word_1_28' title='bbox 1042 644 1136 688; x_wconf 88' lang='lat' dir='ltr'>anuos</span> <span class='ocrx_word' id='word_1_29' title='bbox 1159 646 1186 706; x_wconf 92' lang='lat' dir='ltr'>p.</span> <span class='ocrx_word' id='word_1_30' title='bbox 1211 626 1279 687; x_wconf 85' lang='lat' dir='ltr'><strong>Chr.</strong></span> <span class='ocrx_word' id='word_1_31' title='bbox 1303 626 1342 686; x_wconf 85' lang='lat'>37</span> <span class='ocrx_word' id='word_1_32' title='bbox 1367 635 1396 686; x_wconf 91' lang='lat' dir='ltr'>et</span> 
     </span>
     <span class='ocr_line' id='line_1_5' title="bbox 254 721 1396 807; baseline -0.005 -17"><span class='ocrx_word' id='word_1_33' title='bbox 254 729 294 790; x_wconf 81' lang='lat'>38</span> <span class='ocrx_word' id='word_1_34' title='bbox 310 728 424 807; x_wconf 90' lang='lat' dir='ltr'>positus</span> <span class='ocrx_word' id='word_1_35' title='bbox 442 727 489 788; x_wconf 91' lang='lat' dir='ltr'>hic</span> <span class='ocrx_word' id='word_1_36' title='bbox 504 735 565 788; x_wconf 89' lang='lat' dir='ltr'>cst:</span> <span class='ocrx_word' id='word_1_37' title='bbox 582 727 603 786; x_wconf 94' lang='lat' dir='ltr'>l.</span> <span class='ocrx_word' id='word_1_38' title='bbox 622 727 657 803; x_wconf 90' lang='grc' dir='ltr'>[ο]</span> <span class='ocrx_word' id='word_1_39' title='bbox 675 745 714 786; x_wconf 90' lang='lat' dir='ltr'>m.</span> <span class='ocrx_word' id='word_1_40' title='bbox 735 723 739 807; x_wconf 76' lang='grc' dir='ltr'><strong>Ι</strong></span> <span class='ocrx_word' id='word_1_41' title='bbox 760 744 813 804; x_wconf 92' lang='lat' dir='ltr'>pro</span> <span class='ocrx_word' id='word_1_42' title='bbox 829 726 923 787; x_wconf 91' lang='lat' dir='ltr'>salute</span> <span class='ocrx_word' id='word_1_43' title='bbox 940 725 981 803; x_wconf 82' lang='lat' dir='ltr'>[C.</span> <span class='ocrx_word' id='word_1_44' title='bbox 997 725 1137 802; x_wconf 86' lang='lat' dir='ltr'>Ca]esaris</span> <span class='ocrx_word' id='word_1_45' title='bbox 1153 725 1276 803; x_wconf 80' lang='lat' dir='ltr'><strong>Augusti</strong></span> <span class='ocrx_word' id='word_1_46' title='bbox 1297 721 1302 806; x_wconf 82' lang='grc' dir='ltr'><strong>Ι</strong></span> <span class='ocrx_word' id='word_1_47' title='bbox 1322 725 1396 785; x_wconf 85' lang='lat' dir='ltr'>Ger-</span> 
     </span>
     <span class='ocr_line' id='line_1_6' title="bbox 253 819 1395 905; baseline -0.004 -16"><span class='ocrx_word' id='word_1_48' title='bbox 253 826 380 904; x_wconf 78' lang='lat' dir='ltr'>manlici]</span> <span class='ocrx_word' id='word_1_49' title='bbox 411 826 502 905; x_wconf 79' lang='lat' dir='ltr'>[ilmp.</span> <span class='ocrx_word' id='word_1_50' title='bbox 525 825 631 904; x_wconf 84' lang='lat' dir='ltr'>pontif.</span> <span class='ocrx_word' id='word_1_51' title='bbox 653 843 728 886; x_wconf 84' lang='lat' dir='ltr'>mar.</span> <span class='ocrx_word' id='word_1_52' title='bbox 747 821 751 904; x_wconf 79' lang='lat' dir='ltr'>l</span> <span class='ocrx_word' id='word_1_53' title='bbox 772 824 909 885; x_wconf 80' lang='lat' dir='ltr'>tribunis.</span> <span class='ocrx_word' id='word_1_54' title='bbox 930 825 1017 902; x_wconf 78' lang='lat' dir='ltr'>plote]</span> <span class='ocrx_word' id='word_1_55' title='bbox 1040 831 1105 884; x_wconf 91' lang='lat' dir='ltr'>stat.</span> <span class='ocrx_word' id='word_1_56' title='bbox 1128 823 1258 884; x_wconf 88' lang='lat' dir='ltr'>consulis</span> <span class='ocrx_word' id='word_1_57' title='bbox 1278 819 1282 900; x_wconf 76' lang='grc' dir='ltr'><strong>Ι</strong></span> <span class='ocrx_word' id='word_1_58' title='bbox 1304 867 1395 884; x_wconf 92' lang='grc'><strong>.....</strong></span> 
     </span>
     <span class='ocr_line' id='line_1_7' title="bbox 253 920 1397 1004; baseline -0.002 -18"><span class='ocrx_word' id='word_1_59' title='bbox 253 933 348 986; x_wconf 90' lang='lat' dir='ltr'>octus.</span> <span class='ocrx_word' id='word_1_60' title='bbox 371 944 398 1004; x_wconf 88' lang='lat' dir='ltr'>p.</span> <span class='ocrx_word' id='word_1_61' title='bbox 424 943 446 984; x_wconf 92' lang='lat' dir='ltr'>s.</span> <span class='ocrx_word' id='word_1_62' title='bbox 458 923 506 1004; x_wconf 80' lang='lat' dir='ltr'>l⁷).</span> <span class='ocrx_word' id='word_1_63' title='bbox 551 923 663 984; x_wconf 84' lang='lat' dir='ltr'>Eodem</span> <span class='ocrx_word' id='word_1_64' title='bbox 680 940 758 984; x_wconf 91' lang='lat' dir='ltr'>auno</span> <span class='ocrx_word' id='word_1_65' title='bbox 774 923 939 1001; x_wconf 89' lang='lat' dir='ltr'>eodemque</span> <span class='ocrx_word' id='word_1_66' title='bbox 960 923 1024 982; x_wconf 93' lang='lat' dir='ltr'>loco</span> <span class='ocrx_word' id='word_1_67' title='bbox 1046 923 1163 1000; x_wconf 83' lang='lat' dir='ltr'>signum</span> <span class='ocrx_word' id='word_1_68' title='bbox 1179 920 1255 982; x_wconf 90' lang='lat' dir='ltr'>lovis</span> <span class='ocrx_word' id='word_1_69' title='bbox 1271 920 1397 984; x_wconf 80' lang='lat' dir='ltr'><strong>eximiae</strong></span> 
     </span>
     <span class='ocr_line' id='line_1_8' title="bbox 254 1019 1398 1100; baseline -0.003 -16"><span class='ocrx_word' id='word_1_70' title='bbox 254 1021 468 1100; x_wconf 80' lang='lat' dir='ltr'>magnitudinis</span> <span class='ocrx_word' id='word_1_71' title='bbox 489 1022 635 1082; x_wconf 88' lang='lat' dir='ltr'>detectam</span> <span class='ocrx_word' id='word_1_72' title='bbox 651 1039 714 1082; x_wconf 91' lang='lat' dir='ltr'>esse</span> <span class='ocrx_word' id='word_1_73' title='bbox 729 1020 921 1082; x_wconf 87' lang='lat' dir='ltr'>ellossionum</span> <span class='ocrx_word' id='word_1_74' title='bbox 942 1021 1098 1082; x_wconf 80' lang='lat' dir='ltr'>relationes</span> <span class='ocrx_word' id='word_1_75' title='bbox 1118 1019 1296 1098; x_wconf 77' lang='lat' dir='ltr'>tradunt⁵⁸).</span> <span class='ocrx_word' id='word_1_76' title='bbox 1335 1020 1398 1080; x_wconf 89' lang='lat' dir='ltr'>Hoc</span> 
     </span>
     <span class='ocr_line' id='line_1_9' title="bbox 256 1118 1397 1198; baseline -0.004 -15"><span class='ocrx_word' id='word_1_77' title='bbox 256 1122 449 1184; x_wconf 81' lang='lat' dir='ltr'>simulacrum</span> <span class='ocrx_word' id='word_1_78' title='bbox 472 1120 551 1182; x_wconf 89' lang='lat' dir='ltr'>idem</span> <span class='ocrx_word' id='word_1_79' title='bbox 569 1139 633 1181; x_wconf 90' lang='lat' dir='ltr'>esse</span> <span class='ocrx_word' id='word_1_80' title='bbox 657 1120 735 1198; x_wconf 90' lang='lat' dir='ltr'>quod</span> <span class='ocrx_word' id='word_1_81' title='bbox 759 1137 841 1180; x_wconf 90' lang='lat' dir='ltr'>nunc</span> <span class='ocrx_word' id='word_1_82' title='bbox 862 1119 900 1180; x_wconf 91' lang='lat' dir='ltr'>sit</span> <span class='ocrx_word' id='word_1_83' title='bbox 921 1118 1037 1180; x_wconf 81' lang='lat' dir='ltr'>lullus.</span> <span class='ocrx_word' id='word_1_84' title='bbox 1056 1119 1145 1197; x_wconf 90' lang='lat' dir='ltr'>Neap.</span> <span class='ocrx_word' id='word_1_85' title='bbox 1162 1119 1294 1184; x_wconf 89' lang='lat' dir='ltr'>conclavi</span> <span class='ocrx_word' id='word_1_86' title='bbox 1317 1120 1397 1198; x_wconf 92' lang='lat' dir='ltr'>quod</span> 
     </span>
     <span class='ocr_line' id='line_1_10' title="bbox 254 1217 1397 1297; baseline -0.003 -15"><span class='ocrx_word' id='word_1_87' title='bbox 254 1221 361 1282; x_wconf 91' lang='lat' dir='ltr'>dicitur</span> <span class='ocrx_word' id='word_1_88' title='bbox 377 1219 498 1292; x_wconf 86' lang='lat' dir='ltr'>Tiberii,</span> <span class='ocrx_word' id='word_1_89' title='bbox 521 1219 606 1297; x_wconf 85' lang='lat' dir='ltr'>vulgo</span> <span class='ocrx_word' id='word_1_90' title='bbox 629 1226 750 1297; x_wconf 77' lang='lat' dir='ltr'>putant3</span> <span class='ocrx_word' id='word_1_91' title='bbox 772 1226 802 1278; x_wconf 90' lang='lat' dir='ltr'>at</span> <span class='ocrx_word' id='word_1_92' title='bbox 824 1219 881 1278; x_wconf 94' lang='lat' dir='ltr'>hoc</span> <span class='ocrx_word' id='word_1_93' title='bbox 903 1226 949 1278; x_wconf 88' lang='lat' dir='ltr'>est</span> <span class='ocrx_word' id='word_1_94' title='bbox 968 1235 1179 1291; x_wconf 82' lang='lat' dir='ltr'>marmoreum,</span> <span class='ocrx_word' id='word_1_95' title='bbox 1201 1217 1271 1278; x_wconf 92' lang='lat' dir='ltr'>illud</span> <span class='ocrx_word' id='word_1_96' title='bbox 1296 1236 1331 1280; x_wconf 83' lang='lat' dir='ltr'>ex</span> <span class='ocrx_word' id='word_1_97' title='bbox 1353 1218 1397 1278; x_wconf 92' lang='lat' dir='ltr'>la-</span> 
     </span>
     <span class='ocr_line' id='line_1_11' title="bbox 253 1315 1399 1398; baseline -0.002 -20"><span class='ocrx_word' id='word_1_98' title='bbox 253 1319 322 1398; x_wconf 89' lang='lat' dir='ltr'>pide</span> <span class='ocrx_word' id='word_1_99' title='bbox 358 1318 523 1380; x_wconf 82' lang='lat' dir='ltr'>alabastrite</span> <span class='ocrx_word' id='word_1_100' title='bbox 560 1317 690 1387; x_wconf 88' lang='lat' dir='ltr'>lactum,</span> <span class='ocrx_word' id='word_1_101' title='bbox 730 1323 762 1377; x_wconf 90' lang='lat' dir='ltr'>ut</span> <span class='ocrx_word' id='word_1_102' title='bbox 798 1315 923 1378; x_wconf 91' lang='lat' dir='ltr'>dubium</span> <span class='ocrx_word' id='word_1_103' title='bbox 960 1316 999 1376; x_wconf 90' lang='lat' dir='ltr'>sit</span> <span class='ocrx_word' id='word_1_104' title='bbox 1040 1334 1112 1376; x_wconf 93' lang='lat' dir='ltr'>num</span> <span class='ocrx_word' id='word_1_105' title='bbox 1150 1317 1277 1377; x_wconf 90' lang='lat' dir='ltr'>alterum</span> <span class='ocrx_word' id='word_1_106' title='bbox 1314 1316 1399 1377; x_wconf 87' lang='lat' dir='ltr'>alteri</span> 
     </span>
     <span class='ocr_line' id='line_1_12' title="bbox 253 1413 1399 1497; baseline -0.005 -17"><span class='ocrx_word' id='word_1_107' title='bbox 253 1415 488 1497; x_wconf 78' lang='lat' dir='ltr'>respoudeat⁶⁹).</span> <span class='ocrx_word' id='word_1_108' title='bbox 535 1415 646 1476; x_wconf 89' lang='lat' dir='ltr'>Romae</span> <span class='ocrx_word' id='word_1_109' title='bbox 668 1414 700 1475; x_wconf 91' lang='lat' dir='ltr'>iu</span> <span class='ocrx_word' id='word_1_110' title='bbox 723 1414 866 1493; x_wconf 82' lang='lat' dir='ltr'>Capitolio</span> <span class='ocrx_word' id='word_1_111' title='bbox 890 1414 1042 1493; x_wconf 82' lang='lat' dir='ltr'>temptum,</span> <span class='ocrx_word' id='word_1_112' title='bbox 1067 1414 1146 1492; x_wconf 84' lang='lat' dir='ltr'>quod</span> <span class='ocrx_word' id='word_1_113' title='bbox 1169 1415 1287 1474; x_wconf 85' lang='lat' dir='ltr'>Catulus</span> <span class='ocrx_word' id='word_1_114' title='bbox 1316 1413 1399 1474; x_wconf 87' lang='lat' dir='ltr'>dedi-</span> 
     </span>
     <span class='ocr_line' id='line_1_13' title="bbox 253 1511 1398 1591; baseline -0.005 -13"><span class='ocrx_word' id='word_1_115' title='bbox 253 1524 378 1587; x_wconf 89' lang='lat' dir='ltr'>caverat,</span> <span class='ocrx_word' id='word_1_116' title='bbox 401 1523 463 1574; x_wconf 89' lang='lat' dir='ltr'>tres</span> <span class='ocrx_word' id='word_1_117' title='bbox 486 1512 573 1573; x_wconf 90' lang='lat' dir='ltr'>cellas</span> <span class='ocrx_word' id='word_1_118' title='bbox 595 1511 721 1572; x_wconf 87' lang='lat' dir='ltr'>hahebat</span> <span class='ocrx_word' id='word_1_119' title='bbox 744 1512 860 1572; x_wconf 85' lang='lat' dir='ltr'>duobus</span> <span class='ocrx_word' id='word_1_120' title='bbox 882 1511 1044 1591; x_wconf 89' lang='lat' dir='ltr'>parietibus</span> <span class='ocrx_word' id='word_1_121' title='bbox 1067 1512 1143 1572; x_wconf 90' lang='lat' dir='ltr'>inter</span> <span class='ocrx_word' id='word_1_122' title='bbox 1165 1531 1195 1574; x_wconf 91' lang='lat' dir='ltr'>se</span> <span class='ocrx_word' id='word_1_123' title='bbox 1210 1511 1398 1591; x_wconf 76' lang='lat' dir='ltr'>secretas⁶⁰).</span> 
     </span>
     <span class='ocr_line' id='line_1_14' title="bbox 254 1610 1400 1693; baseline -0.005 -17"><span class='ocrx_word' id='word_1_124' title='bbox 254 1615 316 1676; x_wconf 88' lang='lat' dir='ltr'>Noc</span> <span class='ocrx_word' id='word_1_125' title='bbox 343 1621 442 1693; x_wconf 92' lang='lat' dir='ltr'>potest</span> <span class='ocrx_word' id='word_1_126' title='bbox 470 1610 613 1683; x_wconf 92' lang='lat' dir='ltr'>dubitari,</span> <span class='ocrx_word' id='word_1_127' title='bbox 648 1610 720 1690; x_wconf 91' lang='lat' dir='ltr'>quin</span> <span class='ocrx_word' id='word_1_128' title='bbox 749 1610 780 1670; x_wconf 95' lang='lat' dir='ltr'>in</span> <span class='ocrx_word' id='word_1_129' title='bbox 808 1611 911 1688; x_wconf 92' lang='lat' dir='ltr'>templi</span> <span class='ocrx_word' id='word_1_130' title='bbox 941 1618 1025 1689; x_wconf 92' lang='lat' dir='ltr'>parte</span> <span class='ocrx_word' id='word_1_131' title='bbox 1046 1611 1168 1671; x_wconf 89' lang='lat' dir='ltr'>adversa</span> <span class='ocrx_word' id='word_1_132' title='bbox 1195 1618 1256 1671; x_wconf 89' lang='lat' dir='ltr'>tres</span> <span class='ocrx_word' id='word_1_133' title='bbox 1286 1611 1400 1671; x_wconf 85' lang='lat' dir='ltr'>luerint</span> 
     </span>
     <span class='ocr_line' id='line_1_15' title="bbox 253 1707 1399 1793; baseline -0.003 -21"><span class='ocrx_word' id='word_1_134' title='bbox 253 1719 373 1793; x_wconf 88' lang='lat' dir='ltr'>portae,</span> <span class='ocrx_word' id='word_1_135' title='bbox 402 1728 469 1770; x_wconf 91' lang='lat' dir='ltr'>cum</span> <span class='ocrx_word' id='word_1_136' title='bbox 495 1707 593 1786; x_wconf 84' lang='lat' dir='ltr'>Scipio</span> <span class='ocrx_word' id='word_1_137' title='bbox 617 1707 791 1787; x_wconf 87' lang='lat' dir='ltr'>Capitolium</span> <span class='ocrx_word' id='word_1_138' title='bbox 822 1708 917 1786; x_wconf 90' lang='lat' dir='ltr'>prima</span> <span class='ocrx_word' id='word_1_139' title='bbox 944 1710 1008 1768; x_wconf 92' lang='lat' dir='ltr'>luce</span> <span class='ocrx_word' id='word_1_140' title='bbox 1036 1707 1205 1770; x_wconf 83' lang='lat' dir='ltr'>ascendisse</span> <span class='ocrx_word' id='word_1_141' title='bbox 1235 1717 1265 1768; x_wconf 92' lang='lat' dir='ltr'>et</span> <span class='ocrx_word' id='word_1_142' title='bbox 1294 1709 1399 1769; x_wconf 91' lang='lat' dir='ltr'>cellam</span> 
     </span>
     <span class='ocr_line' id='line_1_16' title="bbox 252 1804 1398 1885; baseline -0.004 -15"><span class='ocrx_word' id='word_1_143' title='bbox 252 1810 331 1870; x_wconf 86' lang='lat' dir='ltr'>lovis</span> <span class='ocrx_word' id='word_1_144' title='bbox 354 1808 409 1868; x_wconf 91' lang='lat' dir='ltr'>sibi</span> <span class='ocrx_word' id='word_1_145' title='bbox 432 1806 622 1868; x_wconf 90' lang='lat' dir='ltr'>reserandam</span> <span class='ocrx_word' id='word_1_146' title='bbox 646 1825 764 1866; x_wconf 89' lang='lat' dir='ltr'>curasse</span> <span class='ocrx_word' id='word_1_147' title='bbox 786 1804 952 1880; x_wconf 77' lang='lat' dir='ltr'>feratur⁶¹t.</span> <span class='ocrx_word' id='word_1_148' title='bbox 998 1807 1036 1866; x_wconf 80' lang='lat' dir='ltr'>At</span> <span class='ocrx_word' id='word_1_149' title='bbox 1051 1814 1154 1866; x_wconf 89' lang='lat' dir='ltr'>contra</span> <span class='ocrx_word' id='word_1_150' title='bbox 1169 1805 1200 1865; x_wconf 91' lang='lat' dir='ltr'>iu</span> <span class='ocrx_word' id='word_1_151' title='bbox 1216 1805 1265 1866; x_wconf 96' lang='lat' dir='ltr'>illo</span> <span class='ocrx_word' id='word_1_152' title='bbox 1285 1805 1398 1885; x_wconf 90' lang='lat' dir='ltr'>templo</span> 
     </span>
     <span class='ocr_line' id='line_1_17' title="bbox 252 1903 1398 1986; baseline -0.003 -18"><span class='ocrx_word' id='word_1_153' title='bbox 252 1906 433 1986; x_wconf 89' lang='lat' dir='ltr'>Pompeiano</span> <span class='ocrx_word' id='word_1_154' title='bbox 464 1904 549 1966; x_wconf 89' lang='lat' dir='ltr'>aliter</span> <span class='ocrx_word' id='word_1_155' title='bbox 577 1923 626 1965; x_wconf 90' lang='lat' dir='ltr'>res</span> <span class='ocrx_word' id='word_1_156' title='bbox 656 1923 688 1964; x_wconf 90' lang='lat' dir='ltr'>sc</span> <span class='ocrx_word' id='word_1_157' title='bbox 717 1903 826 1965; x_wconf 90' lang='lat' dir='ltr'>habere</span> <span class='ocrx_word' id='word_1_158' title='bbox 857 1904 983 1978; x_wconf 67' lang='lat' dir='ltr'>videtum</span> <span class='ocrx_word' id='word_1_159' title='bbox 1011 1903 1051 1964; x_wconf 89' lang='lat' dir='ltr'>ibi</span> <span class='ocrx_word' id='word_1_160' title='bbox 1075 1903 1156 1964; x_wconf 88' lang='lat' dir='ltr'>enim</span> <span class='ocrx_word' id='word_1_161' title='bbox 1179 1921 1240 1964; x_wconf 92' lang='lat' dir='ltr'>non</span> <span class='ocrx_word' id='word_1_162' title='bbox 1264 1912 1323 1965; x_wconf 89' lang='lat' dir='ltr'>tres</span> <span class='ocrx_word' id='word_1_163' title='bbox 1347 1905 1398 1964; x_wconf 91' lang='lat' dir='ltr'>sed</span> 
     </span>
     <span class='ocr_line' id='line_1_18' title="bbox 254 2001 1399 2082; baseline -0.003 -16"><span class='ocrx_word' id='word_1_164' title='bbox 254 2023 311 2066; x_wconf 92' lang='lat' dir='ltr'>una</span> <span class='ocrx_word' id='word_1_165' title='bbox 334 2011 419 2082; x_wconf 89' lang='lat' dir='ltr'>porta</span> <span class='ocrx_word' id='word_1_166' title='bbox 441 2001 583 2063; x_wconf 88' lang='lat' dir='ltr'>latissima</span> <span class='ocrx_word' id='word_1_167' title='bbox 606 2002 694 2062; x_wconf 92' lang='lat' dir='ltr'>cellae</span> <span class='ocrx_word' id='word_1_168' title='bbox 710 2001 867 2062; x_wconf 91' lang='lat' dir='ltr'>introitum</span> <span class='ocrx_word' id='word_1_169' title='bbox 884 2001 1035 2080; x_wconf 90' lang='lat' dir='ltr'>aperuisse</span> <span class='ocrx_word' id='word_1_170' title='bbox 1052 2001 1175 2072; x_wconf 88' lang='lat' dir='ltr'>videtur,</span> <span class='ocrx_word' id='word_1_171' title='bbox 1198 2001 1228 2061; x_wconf 91' lang='lat' dir='ltr'>id</span> <span class='ocrx_word' id='word_1_172' title='bbox 1243 2003 1323 2080; x_wconf 93' lang='lat' dir='ltr'>quod</span> <span class='ocrx_word' id='word_1_173' title='bbox 1340 2002 1399 2063; x_wconf 87' lang='lat' dir='ltr'>nisi</span> 
     </span>
     <span class='ocr_line' id='line_1_19' title="bbox 252 2099 1400 2180; baseline -0.004 -17"><span class='ocrx_word' id='word_1_174' title='bbox 252 2101 401 2180; x_wconf 90' lang='lat' dir='ltr'>Pompeiis</span> <span class='ocrx_word' id='word_1_175' title='bbox 429 2101 500 2162; x_wconf 90' lang='lat' dir='ltr'>deos</span> <span class='ocrx_word' id='word_1_176' title='bbox 528 2099 708 2179; x_wconf 86' lang='lat' dir='ltr'>Capitolinos</span> <span class='ocrx_word' id='word_1_177' title='bbox 737 2099 914 2159; x_wconf 89' lang='lat' dir='ltr'>coniunctos</span> <span class='ocrx_word' id='word_1_178' title='bbox 943 2099 1037 2158; x_wconf 92' lang='lat' dir='ltr'>cultos</span> <span class='ocrx_word' id='word_1_179' title='bbox 1066 2117 1131 2159; x_wconf 91' lang='lat' dir='ltr'>esse</span> <span class='ocrx_word' id='word_1_180' title='bbox 1164 2099 1306 2160; x_wconf 90' lang='lat' dir='ltr'>declarari</span> <span class='ocrx_word' id='word_1_181' title='bbox 1335 2117 1400 2159; x_wconf 92' lang='lat' dir='ltr'>non</span> 
     </span>
     <span class='ocr_line' id='line_1_20' title="bbox 252 2196 1400 2280; baseline -0.002 -20"><span class='ocrx_word' id='word_1_182' title='bbox 252 2197 417 2280; x_wconf 80' lang='lat' dir='ltr'>poterit⁶²).</span> <span class='ocrx_word' id='word_1_183' title='bbox 463 2198 534 2258; x_wconf 85' lang='lat' dir='ltr'>Tres</span> <span class='ocrx_word' id='word_1_184' title='bbox 557 2197 691 2270; x_wconf 80' lang='lat' dir='ltr'>larissae,</span> <span class='ocrx_word' id='word_1_185' title='bbox 715 2216 790 2276; x_wconf 89' lang='lat' dir='ltr'>quae</span> <span class='ocrx_word' id='word_1_186' title='bbox 813 2197 935 2258; x_wconf 90' lang='lat' dir='ltr'>suntin</span> <span class='ocrx_word' id='word_1_187' title='bbox 958 2205 1042 2274; x_wconf 91' lang='lat' dir='ltr'>parte</span> <span class='ocrx_word' id='word_1_188' title='bbox 1065 2196 1153 2256; x_wconf 89' lang='lat' dir='ltr'>cellae</span> <span class='ocrx_word' id='word_1_189' title='bbox 1177 2197 1287 2275; x_wconf 89' lang='lat' dir='ltr'>postica</span> <span class='ocrx_word' id='word_1_190' title='bbox 1303 2215 1400 2276; x_wconf 91' lang='lat' dir='ltr'>usque</span> 
     </span>
     <span class='ocr_line' id='line_1_21' title="bbox 252 2294 1399 2374; baseline -0.002 -16"><span class='ocrx_word' id='word_1_191' title='bbox 252 2299 287 2358; x_wconf 90' lang='lat' dir='ltr'>ad</span> <span class='ocrx_word' id='word_1_192' title='bbox 322 2296 453 2357; x_wconf 91' lang='lat' dir='ltr'>medium</span> <span class='ocrx_word' id='word_1_193' title='bbox 486 2295 629 2374; x_wconf 90' lang='lat' dir='ltr'>parietem</span> <span class='ocrx_word' id='word_1_194' title='bbox 662 2313 796 2355; x_wconf 90' lang='lat' dir='ltr'>aversum</span> <span class='ocrx_word' id='word_1_195' title='bbox 832 2303 991 2373; x_wconf 84' lang='lat' dir='ltr'>pergentes</span> <span class='ocrx_word' id='word_1_196' title='bbox 1024 2313 1076 2372; x_wconf 92' lang='lat' dir='ltr'>pro</span> <span class='ocrx_word' id='word_1_197' title='bbox 1111 2294 1248 2356; x_wconf 84' lang='lat' dir='ltr'>thesauro</span> <span class='ocrx_word' id='word_1_198' title='bbox 1278 2303 1308 2356; x_wconf 91' lang='lat' dir='ltr'>et</span> <span class='ocrx_word' id='word_1_199' title='bbox 1335 2295 1399 2356; x_wconf 90' lang='lat' dir='ltr'>basi</span> 
     </span>
     <span class='ocr_line' id='line_1_22' title="bbox 252 2391 1400 2472; baseline -0.002 -16"><span class='ocrx_word' id='word_1_200' title='bbox 252 2393 355 2456; x_wconf 90' lang='lat' dir='ltr'>triadis</span> <span class='ocrx_word' id='word_1_201' title='bbox 378 2393 469 2456; x_wconf 86' lang='lat' dir='ltr'>luisse</span> <span class='ocrx_word' id='word_1_202' title='bbox 493 2393 578 2472; x_wconf 82' lang='lat' dir='ltr'>vulgo</span> <span class='ocrx_word' id='word_1_203' title='bbox 600 2398 752 2472; x_wconf 89' lang='lat' dir='ltr'>putantur,</span> <span class='ocrx_word' id='word_1_204' title='bbox 776 2410 845 2452; x_wconf 91' lang='lat' dir='ltr'>cum</span> <span class='ocrx_word' id='word_1_205' title='bbox 867 2391 945 2452; x_wconf 92' lang='lat' dir='ltr'>inter</span> <span class='ocrx_word' id='word_1_206' title='bbox 967 2410 998 2452; x_wconf 92' lang='lat' dir='ltr'>se</span> <span class='ocrx_word' id='word_1_207' title='bbox 1022 2391 1137 2452; x_wconf 89' lang='lat' dir='ltr'>duobus</span> <span class='ocrx_word' id='word_1_208' title='bbox 1159 2391 1319 2471; x_wconf 88' lang='lat' dir='ltr'>parietibus</span> <span class='ocrx_word' id='word_1_209' title='bbox 1336 2393 1400 2454; x_wconf 91' lang='lat' dir='ltr'>dis-</span> 
     </span>
     <span class='ocr_line' id='line_1_23' title="bbox 251 2489 472 2572; baseline -0.023 -16"><span class='ocrx_word' id='word_1_210' title='bbox 251 2489 472 2572; x_wconf 47' lang='lat' dir='ltr'>mfflmQ</span> 
     </span>
    </p>

    <p class='ocr_par' dir='ltr' id='par_1_3' title="bbox 252 2587 1399 2774">
     <span class='ocr_line' id='line_1_24' title="bbox 337 2587 1399 2666; baseline -0.002 -16"><span class='ocrx_word' id='word_1_211' title='bbox 337 2590 420 2661; x_wconf 82' lang='lat' dir='ltr'>Quae</span> <span class='ocrx_word' id='word_1_212' title='bbox 450 2607 516 2650; x_wconf 93' lang='lat' dir='ltr'>cum</span> <span class='ocrx_word' id='word_1_213' title='bbox 545 2588 584 2648; x_wconf 90' lang='lat' dir='ltr'>ita</span> <span class='ocrx_word' id='word_1_214' title='bbox 607 2589 677 2660; x_wconf 87' lang='lat' dir='ltr'>sint,</span> <span class='ocrx_word' id='word_1_215' title='bbox 705 2589 852 2666; x_wconf 87' lang='lat' dir='ltr'>templum</span> <span class='ocrx_word' id='word_1_216' title='bbox 881 2588 955 2648; x_wconf 87' lang='lat' dir='ltr'>lovis</span> <span class='ocrx_word' id='word_1_217' title='bbox 979 2587 1135 2666; x_wconf 83' lang='lat' dir='ltr'>Capitolini</span> <span class='ocrx_word' id='word_1_218' title='bbox 1165 2587 1257 2648; x_wconf 83' lang='lat' dir='ltr'>luisse</span> <span class='ocrx_word' id='word_1_219' title='bbox 1287 2587 1313 2648; x_wconf 90' lang='lat' dir='ltr'>si</span> <span class='ocrx_word' id='word_1_220' title='bbox 1336 2605 1399 2648; x_wconf 91' lang='lat' dir='ltr'>non</span> 
     </span>
     <span class='ocr_line' id='line_1_25' title="bbox 252 2685 1398 2774; baseline -0.002 -24"><span class='ocrx_word' id='word_1_221' title='bbox 252 2707 354 2750; x_wconf 91' lang='lat' dir='ltr'>verum</span> <span class='ocrx_word' id='word_1_222' title='bbox 376 2695 406 2748; x_wconf 89' lang='lat' dir='ltr'>at</span> <span class='ocrx_word' id='word_1_223' title='bbox 427 2687 488 2748; x_wconf 90' lang='lat' dir='ltr'>veri</span> <span class='ocrx_word' id='word_1_224' title='bbox 510 2686 694 2748; x_wconf 90' lang='lat' dir='ltr'>simillimum</span> <span class='ocrx_word' id='word_1_225' title='bbox 727 2686 843 2747; x_wconf 88' lang='lat' dir='ltr'>videtur</span> <span class='ocrx_word' id='word_1_226' title='bbox 855 2685 903 2774; x_wconf 56' lang='grc' dir='ltr'>ΙΙ).</span> <span class='ocrx_word' id='word_1_227' title='bbox 955 2685 1039 2757; x_wconf 85' lang='lat' dir='ltr'>Quod</span> <span class='ocrx_word' id='word_1_228' title='bbox 1067 2686 1184 2766; x_wconf 91' lang='lat' dir='ltr'>quando</span> <span class='ocrx_word' id='word_1_229' title='bbox 1211 2686 1398 2749; x_wconf 82' lang='lat' dir='ltr'>aedificatum</span> 
     </span>
    </p>
   </div>
   <div class='ocr_carea' id='block_1_3' title="bbox 252 2888 465 2899">
    <p class='ocr_par' dir='ltr' id='par_1_4' title="bbox 252 2888 465 2899">
     <span class='ocr_line' id='line_1_26' title="bbox 252 2888 465 2899; baseline -0.009 0"><span class='ocrx_word' id='word_1_230' title='bbox 252 2888 465 2899; x_wconf 78' lang='lat'>——.-——-</span> 
     </span>
    </p>
   </div>
   <div class='ocr_carea' id='block_1_4' title="bbox 250 3015 1398 3086">
    <p class='ocr_par' dir='ltr' id='par_1_5' title="bbox 250 3015 1398 3086">
     <span class='ocr_line' id='line_1_27' title="bbox 250 3015 1398 3086; baseline -0.002 -15"><span class='ocrx_word' id='word_1_231' title='bbox 250 3021 315 3086; x_wconf 85' lang='lat' dir='ltr'>apud</span> <span class='ocrx_word' id='word_1_232' title='bbox 334 3019 473 3071; x_wconf 82' lang='lat' dir='ltr'>0varbeek.</span> <span class='ocrx_word' id='word_1_233' title='bbox 492 3019 578 3084; x_wconf 89' lang='lat' dir='ltr'>Pomp.</span> <span class='ocrx_word' id='word_1_234' title='bbox 598 3035 621 3085; x_wconf 94' lang='lat' dir='ltr'>p.</span> <span class='ocrx_word' id='word_1_235' title='bbox 641 3018 683 3082; x_wconf 83' lang='lat'>62,</span> <span class='ocrx_word' id='word_1_236' title='bbox 702 3017 744 3082; x_wconf 82' lang='lat'>65,</span> <span class='ocrx_word' id='word_1_237' title='bbox 763 3017 878 3081; x_wconf 74' lang='lat'><strong>89-923</strong></span> <span class='ocrx_word' id='word_1_238' title='bbox 897 3033 935 3082; x_wconf 91' lang='lat' dir='ltr'>ap.</span> <span class='ocrx_word' id='word_1_239' title='bbox 948 3016 1050 3068; x_wconf 87' lang='lat' dir='ltr'>Nissen.</span> <span class='ocrx_word' id='word_1_240' title='bbox 1062 3017 1134 3066; x_wconf 90' lang='lat' dir='ltr'>Stud.</span> <span class='ocrx_word' id='word_1_241' title='bbox 1147 3015 1230 3082; x_wconf 88' lang='lat' dir='ltr'>Pomp.</span> <span class='ocrx_word' id='word_1_242' title='bbox 1247 3034 1270 3083; x_wconf 91' lang='lat' dir='ltr'>p.</span> <span class='ocrx_word' id='word_1_243' title='bbox 1284 3018 1334 3069; x_wconf 87' lang='grc'>320</span> <span class='ocrx_word' id='word_1_244' title='bbox 1344 3035 1398 3084; x_wconf 85' lang='lat' dir='ltr'>sqq.</span> 
     </span>
    </p>
   </div>
   <div class='ocr_carea' id='block_1_5' title="bbox 250 3097 1398 3232">
    <p class='ocr_par' dir='ltr' id='par_1_6' title="bbox 250 3097 1398 3232">
     <span class='ocr_line' id='line_1_28' title="bbox 250 3097 1398 3166; baseline 0 -16"><span class='ocrx_word' id='word_1_245' title='bbox 250 3109 276 3151; x_wconf 87' lang='lat' dir='ltr'>et</span> <span class='ocrx_word' id='word_1_246' title='bbox 287 3101 383 3166; x_wconf 90' lang='lat' dir='ltr'>Templ.</span> <span class='ocrx_word' id='word_1_247' title='bbox 395 3117 418 3166; x_wconf 92' lang='lat' dir='ltr'>p.</span> <span class='ocrx_word' id='word_1_248' title='bbox 434 3101 491 3164; x_wconf 92' lang='grc'><strong>142,</strong></span> <span class='ocrx_word' id='word_1_249' title='bbox 504 3101 567 3162; x_wconf 84' lang='grc'><strong>209;</strong></span> <span class='ocrx_word' id='word_1_250' title='bbox 586 3115 625 3164; x_wconf 90' lang='lat' dir='ltr'>ap.</span> <span class='ocrx_word' id='word_1_251' title='bbox 639 3099 738 3148; x_wconf 88' lang='lat' dir='ltr'>Mazois</span> <span class='ocrx_word' id='word_1_252' title='bbox 751 3105 778 3147; x_wconf 89' lang='lat' dir='ltr'>et</span> <span class='ocrx_word' id='word_1_253' title='bbox 790 3097 846 3148; x_wconf 88' lang='lat' dir='ltr'>Gau</span> <span class='ocrx_word' id='word_1_254' title='bbox 858 3098 963 3161; x_wconf 84' lang='lat' dir='ltr'>„ruinas</span> <span class='ocrx_word' id='word_1_255' title='bbox 976 3098 1007 3148; x_wconf 92' lang='lat' dir='ltr'>de</span> <span class='ocrx_word' id='word_1_256' title='bbox 1019 3098 1123 3164; x_wconf 89' lang='lat' dir='ltr'>Pomp.“</span> <span class='ocrx_word' id='word_1_257' title='bbox 1137 3100 1186 3150; x_wconf 93' lang='lat' dir='ltr'>vol.</span> <span class='ocrx_word' id='word_1_258' title='bbox 1197 3099 1237 3163; x_wconf 90' lang='grc' dir='ltr'>ΙΙΙ,</span> <span class='ocrx_word' id='word_1_259' title='bbox 1252 3117 1275 3166; x_wconf 91' lang='lat' dir='ltr'>p.</span> <span class='ocrx_word' id='word_1_260' title='bbox 1285 3101 1398 3163; x_wconf 82' lang='lat' dir='ltr'>48-5o,</span> 
     </span>
     <span class='ocr_line' id='line_1_29' title="bbox 250 3177 733 3232; baseline -0.008 -1"><span class='ocrx_word' id='word_1_261' title='bbox 250 3181 292 3232; x_wconf 87' lang='lat' dir='ltr'>ubi</span> <span class='ocrx_word' id='word_1_262' title='bbox 311 3179 343 3232; x_wconf 88' lang='lat' dir='ltr'>ef.</span> <span class='ocrx_word' id='word_1_263' title='bbox 362 3180 468 3231; x_wconf 83' lang='lat' dir='ltr'>formam</span> <span class='ocrx_word' id='word_1_264' title='bbox 486 3177 733 3230; x_wconf 80' lang='lat' dir='ltr'>xxx-xxxvl.</span> 
     </span>
    </p>
   </div>
   <div class='ocr_carea' id='block_1_6' title="bbox 317 3271 1015 3338">
    <p class='ocr_par' dir='ltr' id='par_1_7' title="bbox 317 3271 1015 3338">
     <span class='ocr_line' id='line_1_30' title="bbox 317 3271 1015 3338; baseline -0.003 -15"><span class='ocrx_word' id='word_1_265' title='bbox 317 3271 1015 3338; x_wconf 51' lang='lat' dir='ltr'>mucummmmmmumma</span> 
     </span>
    </p>
   </div>
   <div class='ocr_carea' id='block_1_7' title="bbox 248 3365 1397 3596">
    <p class='ocr_par' dir='ltr' id='par_1_8' title="bbox 248 3365 1397 3596">
     <span class='ocr_line' id='line_1_31' title="bbox 317 3365 1397 3432; baseline 0.004 -15"><span class='ocrx_word' id='word_1_266' title='bbox 317 3369 351 3432; x_wconf 76' lang='lat'>⁶⁸)</span> <span class='ocrx_word' id='word_1_267' title='bbox 369 3369 435 3420; x_wconf 84' lang='lat' dir='ltr'>llist.</span> <span class='ocrx_word' id='word_1_268' title='bbox 455 3375 507 3418; x_wconf 86' lang='lat' dir='ltr'>aut.</span> <span class='ocrx_word' id='word_1_269' title='bbox 526 3367 612 3431; x_wconf 86' lang='lat' dir='ltr'>Pomp.</span> <span class='ocrx_word' id='word_1_270' title='bbox 631 3365 677 3427; x_wconf 87' lang='lat'>13,</span> <span class='ocrx_word' id='word_1_271' title='bbox 696 3382 719 3430; x_wconf 93' lang='lat' dir='ltr'>p.</span> <span class='ocrx_word' id='word_1_272' title='bbox 740 3366 801 3416; x_wconf 82' lang='lat'>190:</span> <span class='ocrx_word' id='word_1_273' title='bbox 825 3381 874 3415; x_wconf 88' lang='lat' dir='ltr'>una</span> <span class='ocrx_word' id='word_1_274' title='bbox 891 3365 958 3416; x_wconf 74' lang='lat' dir='ltr'>testa</span> <span class='ocrx_word' id='word_1_275' title='bbox 978 3367 1003 3416; x_wconf 91' lang='lat' dir='ltr'>di</span> <span class='ocrx_word' id='word_1_276' title='bbox 1025 3367 1154 3417; x_wconf 88' lang='lat' dir='ltr'>alabastro</span> <span class='ocrx_word' id='word_1_277' title='bbox 1173 3370 1250 3420; x_wconf 87' lang='lat' dir='ltr'>anche</span> <span class='ocrx_word' id='word_1_278' title='bbox 1268 3371 1397 3421; x_wconf 86' lang='lat' dir='ltr'>colossale</span> 
     </span>
     <span class='ocr_line' id='line_1_32' title="bbox 249 3447 1397 3524; baseline 0.003 -26"><span class='ocrx_word' id='word_1_279' title='bbox 249 3450 275 3498; x_wconf 92' lang='lat' dir='ltr'>di</span> <span class='ocrx_word' id='word_1_280' title='bbox 298 3467 331 3500; x_wconf 88' lang='lat' dir='ltr'>un</span> <span class='ocrx_word' id='word_1_281' title='bbox 351 3449 433 3500; x_wconf 86' lang='lat' dir='ltr'>Giovo</span> <span class='ocrx_word' id='word_1_282' title='bbox 458 3450 483 3499; x_wconf 89' lang='lat' dir='ltr'>di</span> <span class='ocrx_word' id='word_1_283' title='bbox 507 3465 539 3498; x_wconf 89' lang='lat' dir='ltr'>un</span> <span class='ocrx_word' id='word_1_284' title='bbox 565 3447 706 3498; x_wconf 87' lang='lat' dir='ltr'>bellissimo</span> <span class='ocrx_word' id='word_1_285' title='bbox 720 3454 859 3524; x_wconf 82' lang='lat' dir='ltr'>carattere</span> <span class='ocrx_word' id='word_1_286' title='bbox 883 3463 896 3498; x_wconf 90' lang='lat' dir='ltr'>c</span> <span class='ocrx_word' id='word_1_287' title='bbox 920 3463 965 3497; x_wconf 90' lang='lat' dir='ltr'>con</span> <span class='ocrx_word' id='word_1_288' title='bbox 984 3449 1042 3499; x_wconf 90' lang='lat' dir='ltr'>vari</span> <span class='ocrx_word' id='word_1_289' title='bbox 1065 3447 1208 3500; x_wconf 83' lang='lat' dir='ltr'>frammenti</span> <span class='ocrx_word' id='word_1_290' title='bbox 1226 3451 1257 3500; x_wconf 87' lang='lat' dir='ltr'>ad</span> <span class='ocrx_word' id='word_1_291' title='bbox 1276 3468 1334 3502; x_wconf 86' lang='lat' dir='ltr'>essa</span> <span class='ocrx_word' id='word_1_292' title='bbox 1353 3470 1397 3518; x_wconf 91' lang='lat' dir='ltr'>ap-</span> 
     </span>
     <span class='ocr_line' id='line_1_33' title="bbox 248 3531 401 3596; baseline 0 -16"><span class='ocrx_word' id='word_1_293' title='bbox 248 3531 401 3596; x_wconf 87' lang='lat' dir='ltr'>partenenti.</span> 
     </span>
    </p>
   </div>
   <div class='ocr_carea' id='block_1_8' title="bbox 248 3623 1395 3853">
    <p class='ocr_par' dir='ltr' id='par_1_9' title="bbox 248 3623 1395 3853">
     <span class='ocr_line' id='line_1_34' title="bbox 316 3623 1395 3692; baseline 0.002 -17"><span class='ocrx_word' id='word_1_294' title='bbox 316 3625 347 3686; x_wconf 76' lang='lat'>⁶⁹)</span> <span class='ocrx_word' id='word_1_295' title='bbox 366 3624 509 3676; x_wconf 80' lang='lat' dir='ltr'>Overbcclr.</span> <span class='ocrx_word' id='word_1_296' title='bbox 531 3624 549 3674; x_wconf 91' lang='lat' dir='ltr'>l.</span> <span class='ocrx_word' id='word_1_297' title='bbox 571 3641 593 3674; x_wconf 86' lang='lat' dir='ltr'>c.</span> <span class='ocrx_word' id='word_1_298' title='bbox 612 3639 635 3689; x_wconf 93' lang='lat' dir='ltr'>p.</span> <span class='ocrx_word' id='word_1_299' title='bbox 649 3624 688 3687; x_wconf 85' lang='lat'>89,</span> <span class='ocrx_word' id='word_1_300' title='bbox 710 3623 759 3673; x_wconf 87' lang='grc'>342</span> <span class='ocrx_word' id='word_1_301' title='bbox 778 3623 833 3674; x_wconf 87' lang='lat' dir='ltr'>adn.</span> <span class='ocrx_word' id='word_1_302' title='bbox 858 3625 900 3686; x_wconf 77' lang='lat'>183</span> <span class='ocrx_word' id='word_1_303' title='bbox 925 3640 947 3689; x_wconf 94' lang='lat' dir='ltr'>p.</span> <span class='ocrx_word' id='word_1_304' title='bbox 961 3625 1008 3676; x_wconf 89' lang='grc'>561</span> <span class='ocrx_word' id='word_1_305' title='bbox 1034 3626 1090 3676; x_wconf 88' lang='lat' dir='ltr'>adn.</span> <span class='ocrx_word' id='word_1_306' title='bbox 1109 3627 1149 3677; x_wconf 86' lang='lat'>24.</span> <span class='ocrx_word' id='word_1_307' title='bbox 1195 3628 1266 3692; x_wconf 72' lang='lat' dir='ltr'>Quod</span> <span class='ocrx_word' id='word_1_308' title='bbox 1294 3629 1395 3679; x_wconf 87' lang='lat' dir='ltr'>Nissen.</span> 
     </span>
     <span class='ocr_line' id='line_1_35' title="bbox 248 3704 1395 3773; baseline 0.004 -19"><span class='ocrx_word' id='word_1_309' title='bbox 248 3705 319 3756; x_wconf 87' lang='lat' dir='ltr'>Stud.</span> <span class='ocrx_word' id='word_1_310' title='bbox 343 3704 427 3772; x_wconf 87' lang='lat' dir='ltr'>Pomp.</span> <span class='ocrx_word' id='word_1_311' title='bbox 453 3722 475 3770; x_wconf 91' lang='lat' dir='ltr'>p.</span> <span class='ocrx_word' id='word_1_312' title='bbox 500 3705 549 3755; x_wconf 84' lang='grc'>326</span> <span class='ocrx_word' id='word_1_313' title='bbox 577 3706 607 3755; x_wconf 90' lang='lat' dir='ltr'>do</span> <span class='ocrx_word' id='word_1_314' title='bbox 634 3705 692 3756; x_wconf 86' lang='lat' dir='ltr'>ullis</span> <span class='ocrx_word' id='word_1_315' title='bbox 721 3706 835 3756; x_wconf 89' lang='lat' dir='ltr'>inventis</span> <span class='ocrx_word' id='word_1_316' title='bbox 868 3706 927 3756; x_wconf 89' lang='lat' dir='ltr'>anni</span> <span class='ocrx_word' id='word_1_317' title='bbox 954 3707 1018 3758; x_wconf 84' lang='lat'>1818</span> <span class='ocrx_word' id='word_1_318' title='bbox 1053 3709 1187 3773; x_wconf 87' lang='lat' dir='ltr'>exposuit,</span> <span class='ocrx_word' id='word_1_319' title='bbox 1217 3715 1300 3759; x_wconf 90' lang='lat' dir='ltr'>totum</span> <span class='ocrx_word' id='word_1_320' title='bbox 1328 3708 1395 3760; x_wconf 83' lang='lat' dir='ltr'>salso</span> 
     </span>
     <span class='ocr_line' id='line_1_36' title="bbox 248 3787 1209 3853; baseline 0.005 -18"><span class='ocrx_word' id='word_1_321' title='bbox 248 3787 421 3850; x_wconf 76' lang='lat' dir='ltr'>excogitatum</span> <span class='ocrx_word' id='word_1_322' title='bbox 446 3802 510 3851; x_wconf 86' lang='lat' dir='ltr'>csse,</span> <span class='ocrx_word' id='word_1_323' title='bbox 530 3788 605 3838; x_wconf 86' lang='lat' dir='ltr'>audio</span> <span class='ocrx_word' id='word_1_324' title='bbox 624 3803 681 3838; x_wconf 88' lang='lat' dir='ltr'>esse</span> <span class='ocrx_word' id='word_1_325' title='bbox 700 3788 742 3852; x_wconf 92' lang='lat' dir='ltr'>qui</span> <span class='ocrx_word' id='word_1_326' title='bbox 760 3787 907 3853; x_wconf 87' lang='lat' dir='ltr'>propediem</span> <span class='ocrx_word' id='word_1_327' title='bbox 927 3788 1146 3840; x_wconf 83' lang='lat' dir='ltr'>demonstraturus</span> <span class='ocrx_word' id='word_1_328' title='bbox 1166 3791 1209 3840; x_wconf 91' lang='lat' dir='ltr'>sit.</span> 
     </span>
    </p>
   </div>
   <div class='ocr_carea' id='block_1_9' title="bbox 315 3878 1057 4231">
    <p class='ocr_par' dir='ltr' id='par_1_10' title="bbox 316 3878 818 3947">
     <span class='ocr_line' id='line_1_37' title="bbox 316 3878 818 3947; baseline 0 -17"><span class='ocrx_word' id='word_1_329' title='bbox 316 3881 349 3945; x_wconf 63' lang='grc'>80)</span> <span class='ocrx_word' id='word_1_330' title='bbox 367 3881 470 3931; x_wconf 89' lang='lat' dir='ltr'>Jordan.</span> <span class='ocrx_word' id='word_1_331' title='bbox 489 3878 600 3947; x_wconf 83' lang='lat' dir='ltr'>Topogr.</span> <span class='ocrx_word' id='word_1_332' title='bbox 620 3879 648 3931; x_wconf 83' lang='lat' dir='ltr'>ll.</span> <span class='ocrx_word' id='word_1_333' title='bbox 667 3879 715 3944; x_wconf 85' lang='lat'>12,</span> <span class='ocrx_word' id='word_1_334' title='bbox 733 3897 756 3946; x_wconf 95' lang='lat' dir='ltr'>p.</span> <span class='ocrx_word' id='word_1_335' title='bbox 777 3881 818 3932; x_wconf 86' lang='lat'>90.</span> 
     </span>
    </p>

    <p class='ocr_par' dir='ltr' id='par_1_11' title="bbox 315 3975 504 4042">
     <span class='ocr_line' id='line_1_38' title="bbox 315 3975 504 4042; baseline 0 -16"><span class='ocrx_word' id='word_1_336' title='bbox 315 3976 349 4038; x_wconf 78' lang='lat'>⁶¹)</span> <span class='ocrx_word' id='word_1_337' title='bbox 367 3977 400 4027; x_wconf 89' lang='lat' dir='ltr'>ib.</span> <span class='ocrx_word' id='word_1_338' title='bbox 419 3993 442 4042; x_wconf 93' lang='lat' dir='ltr'>p.</span> <span class='ocrx_word' id='word_1_339' title='bbox 463 3975 504 4027; x_wconf 83' lang='lat'>92.</span> 
     </span>
    </p>

    <p class='ocr_par' dir='ltr' id='par_1_12' title="bbox 315 4067 1057 4231">
     <span class='ocr_line' id='line_1_39' title="bbox 315 4067 1057 4137; baseline -0.003 -17"><span class='ocrx_word' id='word_1_340' title='bbox 315 4071 346 4134; x_wconf 64' lang='grc' dir='ltr'>ΙΙ)</span> <span class='ocrx_word' id='word_1_341' title='bbox 366 4070 399 4120; x_wconf 89' lang='lat' dir='ltr'>ib.</span> <span class='ocrx_word' id='word_1_342' title='bbox 418 4071 474 4120; x_wconf 88' lang='lat' dir='ltr'>udo.</span> <span class='ocrx_word' id='word_1_343' title='bbox 495 4069 542 4134; x_wconf 77' lang='lat'>893</span> <span class='ocrx_word' id='word_1_344' title='bbox 562 4067 593 4121; x_wconf 85' lang='lat' dir='ltr'>ci.</span> <span class='ocrx_word' id='word_1_345' title='bbox 612 4067 672 4120; x_wconf 86' lang='lat' dir='ltr'>Mau</span> <span class='ocrx_word' id='word_1_346' title='bbox 690 4070 774 4137; x_wconf 71' lang='lat' dir='ltr'>Symb.</span> <span class='ocrx_word' id='word_1_347' title='bbox 794 4070 878 4136; x_wconf 88' lang='lat' dir='ltr'>Pomp.</span> <span class='ocrx_word' id='word_1_348' title='bbox 899 4087 921 4136; x_wconf 91' lang='lat' dir='ltr'>p.</span> <span class='ocrx_word' id='word_1_349' title='bbox 941 4070 990 4121; x_wconf 84' lang='lat'>205</span> <span class='ocrx_word' id='word_1_350' title='bbox 1004 4086 1057 4135; x_wconf 86' lang='lat' dir='ltr'>sqq.</span> 
     </span>
     <span class='ocr_line' id='line_1_40' title="bbox 316 4163 952 4231; baseline 0.002 -17"><span class='ocrx_word' id='word_1_351' title='bbox 316 4165 346 4226; x_wconf 62' lang='grc' dir='ltr'>θ’)</span> <span class='ocrx_word' id='word_1_352' title='bbox 368 4163 508 4216; x_wconf 78' lang='lat' dir='ltr'>Overbeclo</span> <span class='ocrx_word' id='word_1_353' title='bbox 531 4182 552 4231; x_wconf 93' lang='lat' dir='ltr'>p.</span> <span class='ocrx_word' id='word_1_354' title='bbox 572 4165 618 4227; x_wconf 85' lang='lat'>92;</span> <span class='ocrx_word' id='word_1_355' title='bbox 637 4165 741 4216; x_wconf 87' lang='lat' dir='ltr'>Nissen.</span> <span class='ocrx_word' id='word_1_356' title='bbox 761 4165 831 4215; x_wconf 92' lang='lat' dir='ltr'>Stud.</span> <span class='ocrx_word' id='word_1_357' title='bbox 851 4182 873 4231; x_wconf 92' lang='lat' dir='ltr'>p.</span> <span class='ocrx_word' id='word_1_358' title='bbox 894 4165 952 4215; x_wconf 83' lang='lat'>325.</span> 
     </span>
    </p>
   </div>
   <div class='ocr_carea' id='block_1_10' title="bbox 315 4259 1396 4328">
    <p class='ocr_par' dir='ltr' id='par_1_13' title="bbox 315 4259 1396 4328">
     <span class='ocr_line' id='line_1_41' title="bbox 315 4259 1396 4328; baseline 0.001 -18"><span class='ocrx_word' id='word_1_359' title='bbox 315 4259 346 4325; x_wconf 79' lang='lat'>⁸⁴)</span> <span class='ocrx_word' id='word_1_360' title='bbox 365 4259 438 4312; x_wconf 86' lang='lat' dir='ltr'>Licet</span> <span class='ocrx_word' id='word_1_361' title='bbox 446 4267 528 4311; x_wconf 88' lang='lat' dir='ltr'>autem</span> <span class='ocrx_word' id='word_1_362' title='bbox 539 4276 577 4326; x_wconf 87' lang='lat' dir='ltr'>aa,</span> <span class='ocrx_word' id='word_1_363' title='bbox 588 4276 651 4327; x_wconf 84' lang='lat' dir='ltr'>quae</span> <span class='ocrx_word' id='word_1_364' title='bbox 662 4261 691 4311; x_wconf 90' lang='lat' dir='ltr'>de</span> <span class='ocrx_word' id='word_1_365' title='bbox 701 4260 888 4324; x_wconf 79' lang='lat' dir='ltr'>significatione</span> <span class='ocrx_word' id='word_1_366' title='bbox 899 4260 987 4327; x_wconf 89' lang='lat' dir='ltr'>templi</span> <span class='ocrx_word' id='word_1_367' title='bbox 997 4260 1110 4310; x_wconf 88' lang='lat' dir='ltr'>hocloco</span> <span class='ocrx_word' id='word_1_368' title='bbox 1120 4262 1259 4328; x_wconf 88' lang='lat' dir='ltr'>disputavi,</span> <span class='ocrx_word' id='word_1_369' title='bbox 1269 4263 1396 4328; x_wconf 88' lang='lat' dir='ltr'>quondam</span> 
     </span>
    </p>
   </div>
   <div class='ocr_carea' id='block_1_11' title="bbox 0 0 1562 5110">
    <p class='ocr_par' dir='ltr' id='par_1_14' title="bbox 0 0 1562 5110">
     <span class='ocr_line' id='line_1_42' title="bbox 0 0 1562 5110; baseline 0 0"><span class='ocrx_word' id='word_1_370' title='bbox 0 0 1562 5110; x_wconf 95' lang='lat' dir='ltr'> </span> 
     </span>
    </p>
   </div>
  </div>
 </body>
</html>
