3086 5110
720 355 942 418 „54-

215 508 218 519 ¹
261 537 369 600 veteris
399 537 481 598 urbis
506 555 532 596 a.
552 535 612 596 146
641 533 755 596 dimtta
777 549 884 594 noram
907 534 1034 596 condere
1061 534 1092 595 in
1123 535 1252 596 animum
1278 534 1425 600 induxit.

259 635 400 716 Pompeio
427 635 503 694 victo
532 631 677 694 coloniam
705 650 740 693 eo
769 631 922 692 deductam
951 651 1016 694 esse
1044 634 1171 694 affirmat
1200 633 1253 694 nio
1285 633 1425 694 Cassius
1523 661 1525 687 .

1515 324 1521 448 t

1518 452 1524 603 l

258 732 414 794 XLlllbll.
460 731 494 791 ln
518 730 648 791 nummis
676 729 794 808 saepius
824 729 988 808 appellatur
1015 731 1067 792 col.
1097 730 1173 792 Laus
1204 731 1274 792 lolia
1298 730 1422 791 Corin·
1524 718 1525 734 ¹

259 829 397 904 thus¹⁰⁰).
447 828 489 888 lle
511 828 654 907 Capitolio
677 835 776 888 autem
800 826 873 886 nihil
897 827 1036 890 traditum
1060 838 1106 890 est
1128 829 1185 889 nisi
1208 828 1276 888 illud
1302 829 1422 889 altiore

261 946 349 1007 quam
372 928 523 991 theatrum
545 927 610 988 loeo
633 923 798 1003 luisse¹⁰¹).

682 1097 980 1170 Constanllnopolls.

346 1221 463 1302 Oppido
476 1238 552 1280 novo
565 1219 721 1280 condendo
734 1218 948 1279 Constantinus
961 1237 1021 1279 non
1033 1220 1128 1280 solum
1142 1219 1169 1279 id
1180 1221 1239 1298 egit
1250 1229 1285 1280 nt
1296 1237 1411 1280 noram

260 1321 377 1400 imperii
401 1321 501 1382 sedem
526 1318 581 1378 sibi
610 1327 736 1396 pararet,
770 1317 821 1376 sed
850 1316 919 1377 inde
947 1317 1026 1396 quod
1054 1317 1178 1378 Romam
1208 1319 1241 1378 ad
1274 1337 1410 1397 unguem

193 1421 200 1439 ¹
259 1419 393 1480 imitatus
417 1425 472 1488 est,
494 1417 572 1476 illam
589 1415 704 1486 urbem,
728 1433 802 1494 quae
824 1414 881 1475 iam
904 1415 1020 1493 pridem
1036 1425 1124 1495 eaput
1139 1416 1255 1495 imperii
1271 1435 1340 1477 esse
1355 1419 1412 1479 de-

262 1517 361 1588 sierat,
393 1515 448 1576 alio
471 1515 535 1574 loco
565 1513 745 1573 revirescere
776 1532 810 1572 ac
837 1511 932 1572 forma
961 1521 1072 1574 mutata
1096 1514 1264 1574 recentibus
1293 1515 1412 1577 viribus

261 1615 359 1675 redire
381 1613 412 1674 in
435 1613 523 1672 vitam
547 1629 615 1671 eum
640 1609 766 1671 voluisse
782 1620 1014 1670 consentaneum
1032 1620 1087 1672 est.
1132 1611 1233 1691 ltaque
1249 1631 1316 1672 cum
1335 1633 1361 1674 a.
1378 1615 1411 1673 d.

265 1713 295 1772 V.
318 1713 385 1772 idus
408 1711 497 1770 Maias
520 1708 590 1769 anni
615 1707 676 1769 330
700 1708 806 1768 urbem
829 1709 979 1770 dedicaret
1001 1708 1089 1787 eique
1111 1727 1223 1768 nornen
1247 1729 1336 1772 suum
1360 1712 1411 1771 in-

262 1811 357 1883 deret,
383 1811 447 1886 lege
470 1809 625 1868 columnae
648 1825 831 1867 marmoreae
859 1806 951 1870 incisa
975 1814 1063 1886 atque
1088 1806 1119 1867 in
1150 1807 1296 1886 Strategio
1325 1809 1409 1870 iuxta

262 1908 356 1988 ipsius
379 1914 549 1987 equestrem
571 1912 697 1966 statuam
722 1905 860 1966 collocata
884 1905 989 1975 sanxit,
1016 1913 1050 1964 ut
1076 1906 1205 1966 secunda
1237 1906 1330 1967 Roma
1355 1925 1408 1968 ro·

262 2005 451 2080 caretur²⁰¹).
497 2003 579 2075 Quae
603 2021 669 2062 eum
693 2003 732 2062 ita
755 2003 825 2073 sint,
855 2021 916 2063 non
938 2002 1047 2062 mirum
1071 2003 1202 2075 videtur,
1232 2003 1311 2081 quod
1343 2006 1409 2066 eius

263 2104 325 2167 aevi
341 2124 357 2166 a
373 2089 568 2182 scriptoribus
585 2100 857 2180 Constantinopolis
870 2101 912 2160 vel
925 2100 1091 2162 sexcenties
1106 2110 1156 2162 aut
1168 2102 1258 2162 altera
1271 2112 1322 2162 aut
1334 2120 1410 2164 nova

176 2243 185 2258 .
263 2211 313 2264 aut
325 2201 454 2262 secunda
469 2199 561 2259 Roma
575 2198 772 2271 dictitabatur,
789 2199 897 2280 quippe
910 2217 986 2278 quae
998 2198 1104 2258 iisdem
1117 2198 1225 2278 quibus
1239 2201 1331 2262 Roma
1343 2201 1411 2282 ipsa

263 2299 408 2363 institutis
424 2296 644 2374 magistratibus
660 2296 794 2357 moribus
810 2295 1014 2372 uteretur²⁰³t
1048 2295 1127 2368 Quin
1151 2297 1239 2358 etiam
1259 2308 1412 2373 senatum,

264 2397 348 2460 ouius
361 2396 417 2456 nisi
429 2395 535 2456 umbra
548 2405 579 2454 et
593 2394 692 2470 imago
711 2394 783 2454 nibil
795 2402 986 2464 remanserat,
1004 2394 1263 2474 Constantinopoli
1279 2396 1411 2458 instituit

264 2495 514 2574 magnificumque
527 2491 700 2553 senaculum
716 2490 983 2572 exaedificavit204).
1014 2493 1063 2552 Vel
1076 2502 1190 2572 septem
1203 2493 1292 2554 colles
1303 2494 1344 2554 ibi
1359 2515 1411 2555 re-

264 2593 354 2673 periri
370 2591 555 2657 videbantur,
578 2609 666 2668 quam
684 2589 801 2650 obrem
819 2585 1008 2670 ἑπτάλοφος
1023 2591 1095 2651 urbs
1116 2590 1337 2666 dicebatur¹⁰⁶).
1371 2593 1412 2654 Ut

265 2692 357 2752 Roma
373 2690 412 2750 ita
429 2707 502 2748 nova
524 2688 615 2748 Roma
631 2687 722 2747 divisa
745 2688 835 2748 estin
858 2689 1093 2766 quattuordecim
1114 2690 1258 2766 regiones,
1282 2707 1409 2768 quarum

266 2796 365 2849 octava
378 2805 472 2867 aeque
484 2793 571 2865 atque
583 2785 641 2845 illic
656 2785 860 2864 Capitotolium
878 2785 1120 2862 continebam).
1143 2789 1248 2848 Utrum
1262 2788 1411 2849 Constan-

265 2887 346 2948 tinus
362 2886 419 2946 fide
432 2883 594 2945 Christiana
606 2883 739 2944 imbutus
755 2892 891 2944 mortuus
905 2883 944 2944 sit
959 2902 1069 2954 annon,
1086 2884 1246 2945 diiudicare
1266 2904 1333 2945 cum
1350 2886 1409 2946 dil-

266 2989 342 3050 ficile
362 2985 477 3060 sitm),
501 2984 628 3046 Braunio
656 2983 830 3063 Capitolium
856 2984 950 3062 primo
978 2983 1077 3045 statim
1101 2991 1234 3063 tempore
1260 2985 1295 3044 ad
1319 2984 1408 3045 alium

267 3104 356 3146 usum
379 3085 414 3145 ab
438 3085 502 3162 ipso
523 3083 701 3162 imperatore
724 3082 901 3142 destinatum
925 3101 990 3143 esse
1012 3081 1226 3158 arbitranti²⁰⁸)
1249 3091 1283 3143 ut
1306 3101 1409 3144 assen-

335 3233 378 3292 200)
398 3229 502 3280 Eelrhel.
521 3230 550 3280 ll.
569 3230 599 3281 N.
618 3227 716 3279 11241.
1171 3253 1173 3258 ·

336 3312 380 3378 ¹⁰¹)
398 3311 504 3362 Pansae.
522 3309 543 3360 ll
561 3309 585 3373 4,
605 3311 631 3366 5:
650 3305 720 3380 ὑπὲρ
738 3306 813 3362 δὲτὸ
831 3307 949 3382 θέατρόν
965 3309 1041 3363 ἔστιν
1059 3307 1133 3376 ἱερὸν
1150 3307 1218 3368 Διὸς
1233 3311 1410 3363 Καπετωλίου

268 3396 348 3466 φωνῇ
360 3395 397 3464 τῇ
413 3390 564 3458 Ῥωμαίων·
582 3386 652 3441 κατὰ
670 3387 770 3442 tellina
789 3389 820 3444 dd
837 3391 968 3459 γλῶσσαν
985 3394 1145 3461 Κορυφαῖος
1163 3387 1320 3460 ὀνομάζοιτ’
1339 3387 1382 3446 ἄν.

336 3474 379 3539 000)
398 3475 496 3524 socrat.
515 3470 525 3521 l
546 3472 585 3524 16.
620 3471 712 3523 Urbem
729 3481 836 3523 aeterna
854 3474 954 3524 nomine
973 3489 1001 3524 aa
1020 3475 1126 3523 donasse
1139 3472 1193 3539 ipsa
1204 3474 1340 3538 prometur
1353 3475 1409 3537 logo

269 3573 292 3608 a.
311 3557 361 3607 334
379 3555 440 3618 lata,
459 3553 513 3602 cod.
530 3551 624 3603 Theoti.
643 3551 703 3602 Xlll
721 3553 745 3618 b,
765 3555 787 3604 l.

338 3636 380 3697 ²⁰⁸)
399 3635 512 3686 Cassiod.
533 3634 597 3684 llist.
616 3634 677 3699 trip.
695 3632 716 3684 11
737 3635 777 3697 18,
789 3635 813 3684 6,
849 3633 951 3702 Coripp.
969 3635 992 3684 d.
1012 3635 1078 3685 land.
1091 3633 1184 3685 lustini
1202 3634 1213 3685 l
1231 3635 1288 3686 345.
1308 3635 1409 3686 111156.

270 3715 536 3771 24¹1.1V101.141.
573 3713 749 3765 Claudianin
769 3715 850 3766 Rullo.
870 3715 894 3766 2.
929 3715 1025 3767 Auson.
1045 3717 1148 3768 delur.
1168 3714 1408 3767 urbem-cf.

270 3801 297 3852 C.
310 3800 328 3850 l.
342 3798 387 3849 Gr.
401 3797 475 3848 8611.
494 3795 568 3847 9036.
588 3795 662 3848 9864.
682 3795 748 3846 8749
766 3796 799 3846 al.

337 3881 381 3940 000)
399 3877 494 3928 Zosim.
512 3877 535 3927 V
556 3877 595 3928 24.

338 3960 381 4024 000)
399 3957 523 4021 Ducangii
541 3956 627 4023 Cpolis
646 3957 793 4008 Christiana
811 3956 821 4007 l
838 3973 860 4006 e.
878 3955 942 4006 Vlll.
1020 3979 1023 3986 =

338 4039 381 4102 ¹⁰⁶)
400 4039 442 4090 vd.
462 4039 573 4103 Ducang.
592 4039 610 4089 l.
630 4056 651 4090 e.
670 4037 681 4088 l
700 4038 747 4101 203
767 4036 881 4104 Gylliunr
899 4036 975 4099 11173
999 4037 1028 4088 H.
1047 4037 1184 4088 lordonum
1207 4036 1316 4103 Topogs.
1335 4037 1363 4090 U.
1381 4035 1407 4086 tt.

340 4199 383 4264 000)
402 4200 514 4252 Lasanlx
540 4199 559 4251 l.
578 4218 600 4251 o.
623 4217 645 4266 p.
665 4199 711 4261 30;
733 4197 900 4262 Burelhardt,
926 4199 973 4249 nie
996 4199 1056 4250 zeit
1076 4198 1242 4250 Constantios
1260 4199 1283 4249 d.
1302 4197 1408 4250 Grolaen

273 4282 334 4332 edit.
353 4283 398 4332 alt.
416 4299 439 4348 p.
453 4281 503 4332 389
513 4297 565 4347 sqq.

340 4361 384 4428 ²⁰⁸)
402 4363 420 4413 l.
440 4380 461 4413 e.
481 4378 503 4428 p.
516 4361 563 4423 223
583 4361 634 4423 „So
652 4362 723 4412 hatte
736 4377 758 4413 z.
771 4363 798 4412 B.
811 4360 1026 4426 llonstantinopel
1045 4361 1085 4411 ein
1098 4358 1213 4426 liapitcl‚
1231 4360 1339 4410 welches
1351 4357 1409 4409 aber
