3086 5110
706 419 929 482 ...14-

243 597 345 676 Neque
381 594 469 674 igitur
505 596 610 672 dignus
644 604 689 655 est
725 596 774 675 qui
810 596 921 656 nostris
958 593 1142 674 temporibus
1178 593 1261 654 testis
1296 601 1394 672 atque

243 704 344 756 auctor
360 694 550 765 adhibeatnr;
573 693 712 754 tamensi
729 712 785 772 qna
802 693 832 754 in
850 713 884 753 eo
906 693 968 755 laus
984 702 1038 763 est,
1055 711 1087 752 ea
1104 701 1159 763 est,
1175 693 1254 770 quod
1271 692 1393 770 primus

244 793 451 872 quaestionem
469 791 572 852 movit.
616 791 707 851 lllulto
731 792 836 852 melior
858 791 1071 870 expolitiorque
1092 798 1137 850 est
1160 809 1192 850 ea
1209 791 1392 861 dissertatio,

244 910 331 971 quam
356 891 462 952 Castan
485 908 563 951 anuo
590 888 670 950 tete
694 891 729 950 de
752 889 900 968 Capitoliis
923 891 1118 967 conscriptam
1147 889 1218 948 actis
1242 888 1391 948 archaeol.

243 990 377 1050 doadem.
396 988 543 1050 Sorbonn.
560 988 686 1048 inseruit
696 987 742 1062 19).
790 987 918 1066 Optime,
942 1006 980 1047 ne
996 987 1100 1063 longus
1115 986 1213 1054 simin
1230 986 1391 1058 lauda'ndo,

173 1109 175 1115 ’
242 1087 290 1148 ille
314 1089 357 1150 vir
381 1088 488 1148 doctus
512 1086 688 1164 Capitolium
712 1085 789 1164 quod
815 1086 871 1146 fuit
888 1086 1068 1146 Vesontione
1083 1085 1288 1162 pertrectavit3
1311 1084 1392 1144 etin

242 1188 349 1247 ceteris
365 1185 455 1246 rebus
471 1194 530 1246 tam
550 1185 638 1245 multa
657 1185 781 1262 neglexit
800 1203 854 1244 nec
866 1203 933 1244 raro
950 1185 1064 1252 erravit,
1088 1191 1122 1242 ut
1136 1183 1221 1242 nobis
1238 1183 1391 1261 quaestio-

242 1303 311 1345 nem
347 1286 454 1344 iterum
491 1284 571 1344 adire
606 1301 666 1342 non
703 1301 953 1361 supervacaneum
982 1280 1189 1355 videretur20).
1246 1281 1391 1359 Sequitur

242 1383 385 1462 Saglionis
418 1391 559 1443 tractatus
584 1382 613 1441 in
643 1382 785 1441 thesauro
807 1381 977 1460 antiquitat.
1001 1381 1101 1440 Graec.
1125 1390 1154 1439 et
1178 1379 1263 1438 llom.
1287 1379 1342 1438 vol.
1359 1379 1389 1438 ll

243 1483 312 1541 iaso.
331 1481 366 1541 Vl
389 1500 411 1541 s.
437 1501 463 1540 v.
508 1479 564 1551 Qui
596 1499 663 1540 cum
695 1499 810 1540 summa
841 1479 991 1556 diligentie
1016 1488 1048 1538 ut
1078 1477 1145 1537 alibi
1177 1477 1221 1538 sio
1243 1479 1300 1538 hoc
1322 1479 1389 1538 loco

244 1597 450 1658 quaecumque
472 1579 547 1638 scitu
565 1579 650 1654 digna
676 1579 846 1638 viderentur
869 1585 1053 1654 congereret,
1076 1585 1176 1636 tamen
1201 1595 1276 1654 quae
1293 1577 1388 1636 Brau-

244 1678 311 1738 nius
345 1687 374 1736 et
407 1677 514 1737 Castan
538 1677 726 1755 profecerant
748 1677 788 1736 ita
812 1675 1023 1753 conglutinavit
1047 1693 1174 1752 veraque
1197 1675 1278 1746 falsis
1302 1693 1385 1734 com-

243 1776 376 1848 miscuit,
410 1785 443 1835 ut
481 1786 584 1835 nostro
618 1776 685 1836 iure
713 1795 781 1836 eum
817 1776 964 1853 negligere
999 1773 1156 1852 possimus.
1214 1773 1262 1833 Sic
1297 1773 1386 1850 igitur

242 1893 289 1934 res
312 1893 344 1933 se
370 1873 466 1941 itabat,
489 1892 555 1934 cum
580 1891 633 1933 nos
658 1874 863 1953 quaestionem
888 1873 1055 1951 aggressuri
1079 1889 1194 1932 snmus.
1232 1871 1386 1931 Materiam

243 1982 342 2033 autem
366 1972 409 2032 sic
436 1970 606 2044 divisimus,
639 1981 672 2032 ut
701 1973 829 2050 primum
853 1990 1007 2049 ageremus
1034 1971 1069 2029 de
1098 1969 1247 2047 Capitoliis
1275 1969 1386 2037 ltaliae,

241 2071 347 2132 deinde
369 2070 527 2147 Hispaniae
550 2078 580 2130 et
601 2071 727 2142 Africae,
750 2080 812 2132 tum
830 2071 968 2131 Graeciae
984 2068 1123 2128 Thraciae
1140 2068 1233 2138 Asiae,
1258 2067 1386 2146 denique

242 2170 347 2230 Galliae
371 2179 408 2239 et,
423 2169 604 2230 Germaniae.

374 2427 433 2509 ΙΙ.
476 2427 538 2509 lle
568 2425 800 2527 Capitonis
828 2425 1010 2526 imperii
1038 2425 1243 2508 Romani.

716 2644 742 2705 1.
777 2639 901 2706 Italia.

754 2803 871 2876 Capua.

329 2937 480 3000 Tiberium
513 2957 579 2998 cum
610 2957 688 2998 anno
711 2958 738 3018 p.
763 2939 829 2999 Chr.
854 2937 894 2998 26
922 2937 1014 2999 Roma
1047 2939 1227 3000 discessurus
1258 2939 1381 3020 Capreas

241 3055 274 3096 se
297 3037 444 3098 conferret
467 3055 585 3097 causam
609 3037 799 3113 profectionis
827 3038 942 3116 Capuae
969 3039 1143 3117 Capitolium
1172 3058 1203 3100 se
1232 3039 1382 3102 dedicatu-

241 3151 307 3194 rum
339 3133 553 3212 interposuisse
581 3135 740 3196 Suetonius
766 3134 911 3208 reseravi.
956 3136 1037 3197 ldem
1061 3137 1179 3198 Tacitus
1209 3139 1245 3200 de
1273 3138 1382 3200 Tiberii

240 3232 423 3311 proiectione
447 3231 531 3292 verba
558 3232 689 3294 facturus
712 3233 983 3310 commemoratfl).
1027 3237 1106 3296 Inter
1129 3255 1179 3309 ea,
1207 3255 1282 3316 quae
1305 3253 1381 3298 anno

241 3467 304 3519 adeo
324 3483 372 3518 non
391 3467 423 3518 ad
441 3481 495 3517 rem
512 3466 656 3532 pertinent,
682 3475 711 3519 ut
734 3485 779 3535 pro
798 3469 906 3520 saburra
925 3469 956 3519 ad
978 3485 1107 3520 numerum
1125 3471 1271 3536 paginarum
1290 3488 1381 3537 nogen-

242 3549 299 3599 dum
319 3549 455 3600 videantur
475 3563 539 3598 esso.

309 3631 341 3694 ι9)
361 3631 404 3682 Sic
424 3631 489 3682 euim
508 3633 672 3683 inscribitur:
691 3632 726 3682 La
746 3632 863 3698 Capitole
885 3633 915 3683 de
934 3633 1057 3685 Vesontio
1076 3641 1102 3684 et
1119 3635 1159 3684 los
1178 3635 1307 3700 Capitoles
1324 3652 1380 3702 pro-

240 3712 363 3765 vinciaux
381 3714 414 3764 du
432 3717 521 3764 monde
540 3714 646 3764 romain.

308 3795 341 3857 ²⁰)
366 3795 517 3863 Quamquam
545 3797 611 3846 enim
639 3796 820 3863 inscriptiones
849 3796 979 3861 respexit,
1009 3803 1093 3847 tamen
1120 3796 1231 3848 Graecas
1260 3798 1381 3861 neglexit,

240 3875 346 3926 Renieri
373 3894 464 3943 eorpus
487 3878 680 3943 inscriptionum
707 3876 788 3928 Afric.
807 3895 856 3928 non
879 3879 932 3943 ipse
957 3879 1081 3944 perlegit,
1110 3895 1156 3944 quo
1180 3877 1273 3930 lectum
1296 3887 1337 3931 est
1355 3886 1382 3928 nt

242 3957 427 4023 Capitoliorum
446 3957 550 4010 Africae
570 3967 596 4008 ct
613 3958 692 4010 Asiae
711 3960 833 4010 nonnulla
852 3961 966 4026 exempla
986 3961 1122 4011 omitteret.

309 4036 343 4100 ¹¹)
361 4038 583 4090 vicaritate:
607 4039 746 4101 Peragrata
764 4040 906 4106 Campania,
925 4057 981 4092 cum
1000 4041 1098 4107 Capuae
1117 4041 1278 4108 Capitolium,
1304 4041 1383 4093 Nolae

240 4119 361 4185 tenplum
374 4117 492 4183 Augusti,
511 4135 583 4186 quam
603 4136 703 4172 oausam
716 4119 884 4187 prolcotionis
895 4125 1085 4188 praetenderat,
1103 4125 1255 4186 dedicasset,
1273 4124 1381 4190 Capreas

242 4216 270 4252 se
288 4201 405 4252 eontulit.

309 4282 341 4346 ²¹)
359 4283 450 4334 dnntl.
462 4283 507 4336 lib.
521 4283 564 4350 IV,
584 4301 604 4336 c.
618 4285 663 4336 ot:
682 4283 751 4336 luter
763 4300 826 4350 quae
839 4286 880 4335 din
898 4285 1020 4336 meditato
1039 4287 1190 4352 prolatoque
1206 4287 1307 4354 saepius
1325 4303 1381 4338 oon·

241 4365 303 4418 silio
327 4367 428 4418 undem
446 4365 540 4418 Caesar
563 4367 589 4416 iu
612 4367 786 4432 Campaniam,
811 4366 895 4433 specio
918 4367 1051 4418 dedicandi
1073 4369 1165 4434 templa
1188 4371 1253 4436 apud
1276 4370 1381 4436 Capuan

241 4445 308 4515 lori,
326 4449 393 4514 apud
409 4445 502 4502 Nolam
521 4450 638 4514 Augusto
656 4450 701 4502 sed
720 4455 807 4500 certos
824 4449 913 4516 procul
931 4452 992 4502 urbo
1010 4451 1112 4516 degere
