3114 5110
608 367 829 430 ..59-

146 544 227 604 mina
251 542 326 604 lovis
341 542 464 602 lunonis
480 541 636 613 Minervae,
661 560 695 602 ex
711 543 819 603 electro
841 560 916 620 puro
933 540 1074 617 imagines
1090 547 1287 612 constructae,

146 640 256 720 quibus
278 641 469 702 suavissimus
500 639 611 718 Cupido
639 640 850 702 delectamenta
880 639 1042 712 ministram
1069 637 1226 700 libationes
1257 647 1287 700 et

144 738 268 798 incensa
284 746 461 816 praeparate.
498 737 673 798 Sacerdotes
689 738 787 816 itaque
803 747 958 798 consuetas
974 745 1150 815 praeparant
1165 737 1286 798 hostias.

146 835 225 908 Quid
259 831 373 894 multa?
407 834 505 894 llluxit
535 835 614 906 dies,
648 835 794 914 patefacto
824 837 935 913 templo
963 835 1100 895 universa
1128 834 1287 894 multitudo
1369 839 1373 848 '

146 933 286 994 convenit
307 931 486 993 admirantes
509 933 652 1011 templum
676 932 866 1011 patefactum,
890 933 968 1012 quod
985 932 1030 992 vix
1047 933 1140 992 semel
1160 933 1191 994 in
1207 951 1286 993 anno

146 1031 315 1110 principum
340 1031 429 1092 natali
451 1030 616 1108 patefiebat.
660 1030 728 1092 Tale
752 1030 832 1090 enim
850 1039 913 1091 erat
929 1047 1004 1108 opus
1019 1028 1153 1099 fabricae,
1177 1035 1285 1090 utnon

146 1147 304 1198 marmore,
332 1129 382 1188 sed
406 1127 545 1188 tabulis
568 1127 758 1203 argenteis
788 1127 952 1206 parietes
979 1133 1013 1187 et
1035 1127 1285 1205 pavimentum

144 1233 307 1288 stratum
342 1225 606 1304 splenderent,
640 1244 733 1287 auro
763 1225 972 1305 purissimo
999 1233 1034 1284 et
1066 1224 1286 1302 margaritis

144 1324 204 1384 vel
225 1323 408 1404 lapidibus
432 1323 641 1402 crispantes
664 1342 839 1386 camerae.
885 1323 1018 1402 Cumque
1033 1323 1131 1384 omnia
1148 1340 1287 1402 pararen-

144 1431 202 1493 tur,
226 1423 378 1500 iugressus
402 1421 545 1500 templum
569 1421 733 1484 Marcianus
755 1421 838 1484 iubet
860 1430 977 1482 sanctos
993 1421 1038 1482 dei
1055 1421 1168 1482 adduci.
1213 1421 1285 1493 Qui·

145 1520 202 1580 bus
224 1517 422 1598 praesentatis
446 1517 536 1578 dixit:
559 1519 616 1579 hoc
638 1520 717 1580 enim
743 1521 786 1598 egi
810 1538 863 1598 pro
887 1529 982 1580 vestra
1005 1518 1107 1589 salute,
1131 1526 1163 1579 ut
1183 1519 1214 1578 in
1230 1520 1286 1580 isto

144 1617 270 1678 terribili
292 1617 402 1694 templo
424 1615 509 1676 thura
535 1617 590 1677 diis
611 1617 827 1678 immortalibus
851 1616 1043 1678 incendatis⁴‘.
1089 1617 1199 1677 Eodem
1223 1621 1286 1677 t'or-

147 1723 227 1775 tasse
249 1723 384 1794 spectant
406 1713 503 1784 verba,
533 1733 608 1794 quae
637 1716 775 1776 exhibent
804 1723 867 1775 acta
891 1714 1099 1794 disputationis
1129 1734 1151 1774 s.
1174 1715 1287 1776 Achatii

147 1813 277 1892 episcopi
296 1830 378 1872 'cum
414 1812 517 1872 eodem
549 1813 675 1874 fortasse
708 1813 854 1874 hlarciano
888 1812 1060 1874 Antiochiae
1093 1811 1285 1885 habitaemla

147 1909 330 1983 „Marcianus
366 1908 419 1968 ait:
454 1909 689 1972 Christianorum
725 1911 908 1972 consuetudo
935 1911 994 1982 est,
1029 1911 1121 1972 multa
1154 1911 1186 1970 in
1217 1911 1286 1971 deos

145 2016 266 2070 nostros
291 2007 440 2068 maledicta
465 2009 648 2088 contingere:
670 2017 827 2088 propterea
844 2017 873 2070 te
889 2009 989 2069 venire
1005 2027 1120 2069 mecum
1138 2009 1174 2068 ad
1188 2009 1285 2070 lovem

145 2106 348 2184 Iunonemque
370 2103 557 2183 praecipio“.

566 2278 653 2334 Aelia
676 2277 860 2349 Capltollnu.

230 2397 441 2477 Hierosolymis
463 2417 488 2458 a.
505 2417 533 2477 p.
546 2397 613 2458 Chr.
631 2398 670 2458 70
693 2417 708 2458 a
731 2398 799 2458 Tito
822 2398 925 2458 dirutis
948 2405 1102 2477 postquam
1120 2397 1217 2458 ludaei
1240 2399 1285 2458 di·

148 2497 337 2566 drachmum,
366 2497 446 2576 quod
475 2496 555 2574 prius
586 2515 621 2555 ex
650 2497 715 2573 lege
744 2496 775 2556 in
798 2497 899 2574 templi
929 2496 1185 2576 Hierosolymitani
1213 2515 1286 2556 usus

133 2595 305 2665 solverant,
330 2593 387 2653 lovi
405 2593 569 2672 Capitolino
585 2593 715 2672 pendere
731 2593 803 2654 iussi
821 2592 976 2670 eranam),
999 2593 1163 2654 Hadrianus
1188 2594 1286 2669 (tertio

147 2695 272 2754 fortasse
288 2691 402 2771 imperil
418 2690 570 2771 annom),
587 2711 646 2770 quo
662 2692 768 2753 melius
783 2692 958 2752 ludaeorum
974 2693 1112 2754 ferociam
1129 2695 1286 2770 frangeret,

148 2791 179 2852 in
208 2791 271 2852 loco
299 2790 400 2870 oppidi
429 2789 517 2850 deleti
548 2791 693 2850 coloniam
724 2789 833 2850 heliam
862 2790 1052 2868 Capitolinam
1081 2790 1235 2852 coustituit
1258 2797 1286 2850 et

149 2889 223 2950 lovis
247 2887 404 2966 Capitolini
426 2887 570 2965 templum
595 2887 739 2947 exstruxit
748 2886 811 2959 Μ).
858 2887 969 2947 Veteris
985 2875 1080 2963 igitur
1107 2887 1208 2964 oppidi
1230 2903 1286 2948 uo-

150 2989 228 3048 mine
250 3003 369 3065 quoque
392 2984 488 3044 deleto
511 2985 609 3044 heliae
637 3001 748 3044 nomen
776 3002 843 3044 cum
872 2985 947 3063 apud
978 2986 1135 3062 scriptores
1164 2992 1228 3044 tum
1256 2985 1286 3044 in

148 3083 252 3146 tabulis
275 3082 399 3162 publicis
422 3083 518 3143 solum
541 3081 572 3141 in
595 3079 651 3142 usu
674 3090 745 3152 erat,
770 3082 863 3142 donec
885 3081 1012 3161 episcopi
1029 3081 1185 3143 Christiani
1208 3081 1285 3141 illam

148 3183 419 3262 Hierosolymorum
443 3199 544 3242 vocem
567 3180 718 3260 antiquam
746 3180 777 3240 in
799 3179 975 3240 memoriam
1000 3188 1030 3241 et
1052 3198 1139 3240 usum
1163 3197 1285 3240 revoca-

215 3396 260 3462 Μ)
277 3395 395 3458 Huinart,
414 3395 477 3446 heta
494 3401 635 3462 martyrum
653 3395 753 3446 sincera
772 3403 798 3446 et
816 3396 912 3446 selecta
929 3397 1047 3449 Veronae
1067 3395 1129 3448 1731
1150 3411 1173 3460 p.
1188 3395 1245 3444 129.

216 3477 259 3540 ²¹³)
278 3476 326 3526 llio
345 3474 415 3524 Cass.
435 3473 516 3525 LXVI
535 3475 564 3525 t:
584 3469 654 3526 odam
671 3475 723 3542 μὲν
739 3471 772 3526 τὰ
790 3469 965 3543 Ἱεροσόλυμα
982 3473 1012 3526 ἔν
1029 3473 1097 3546 αὐτῇ
1110 3477 1141 3546 τῇ
1157 3473 1204 3525 τοῦ
1215 3465 1287 3545 Κρό-

148 3577 199 3612 νου
216 3555 313 3629 ἡμέρᾳ,
336 3550 370 3622 ἣν
391 3548 508 3623 μάλιστα
527 3553 567 3606 ἔτι
590 3557 635 3606 καλ
653 3557 702 3608 νῦν
720 3550 847 3608 Ἰουδαῖοι
868 3558 1000 3620 σέβουσιν,
1018 3553 1141 3614 ίξώλετο·
1167 3556 1213 3605 καὶ
1234 3551 1283 3606 ἀπ’

149 3640 253 3692 ἐκείνου
271 3637 428 3705 δίδραχμον
445 3629 546 3702 ἐτάχθη
564 3633 628 3692 τοὺς
650 3632 683 3687 τὰ
701 3630 803 3704 πάτρια
826 3633 916 3687 αὐτῶν
934 3636 983 3700 ἔθη
1008 3637 1232 3702 περιστέλλοντας
1249 3637 1286 3702 τῷ

148 3722 313 3787 Καπιτωλίῳ
330 3721 377 3769 Διλ
395 3715 454 3768 κατ’
475 3715 535 3774 ἔτος
557 3712 722 3788 ἅπαφίρειν;
746 3717 777 3768 cf.
797 3717 892 3784 loseph.
912 3718 973 3768 bell.
991 3717 1043 3768 Iud.
1063 3717 1286 3783 V116,a;s111p.

149 3802 235 3853 Seuer.
255 3803 341 3852 ebron.
361 3801 409 3863 (od.
430 3799 523 3862 Halm.)
541 3797 562 3849 Il
580 3798 621 3862 30,
641 3800 664 3849 l.

217 3883 261 3943 ²²⁴)
279 3884 307 3934 Ε.
327 3881 411 3944 liuba,
429 3882 476 3932 Die
494 3881 632 3932 stiidtiscbe
655 3883 705 3930 und
722 3881 886 3943 biirgerllcba
904 3879 1063 3942 Verlassuog
1081 3880 1125 3929 dos
1144 3879 1286 3930 rbrniscben

151 3961 241 4013 haicho
259 3961 280 4013 ll
299 3963 355 4013 357.

216 4041 260 4106 ¹²⁶)
278 4043 332 4092 Dio.
351 4043 421 4093 Cass.
441 4041 527 4092 LXIX
548 4043 591 4092 12:
615 4039 643 4098 tc
660 4038 737 4094 δὲτὰ
754 4036 929 4108 Ἱεροσόλυμα
950 4034 1035 4094 πόλιν
1056 4035 1140 4092 αὐτοῦ
1163 4038 1225 4092 ἀντὶ
1242 4042 1288 4105 τῆς

149 4125 363 4190 κατασκαᾳείσης
381 4123 544 4186 οἰκίσαντος,
562 4118 597 4185 ἣν
607 4125 653 4174 καλ
664 4125 766 4176 Αἰλίαν
776 4125 970 4176 Καπιτωλῖνον
987 4117 1120 4190 ὠνόμασε,
1139 4124 1184 4172 καλ
1195 4121 1222 4178 ἐς
1239 4120 1288 4175 τὸν

149 4205 196 4256 τοῦ
213 4204 283 4256 ναοῦ
300 4204 346 4254 τοῦ
364 4206 434 4256 θεοῦ
451 4199 542 4256 τόπον
560 4200 627 4256 ναὸν
644 4205 681 4270 τῷ
699 4207 748 4254 Ait
765 4201 856 4276 ἕτερον
874 4200 1078 4272 ἀντεγείραντος
1090 4193 1209 4264 πόλεμος
1226 4198 1288 4256 ollae

149 4281 245 4357 μικρὸς
269 4281 330 4336 οὔτε
352 4274 542 4354 ὀλιγοχρόνιος
562 4279 690 4350 &accidua
719 4284 751 4336 cl.
774 4285 873 4335 Paulin.
897 4283 956 4335 Nol.
980 4299 1018 4349 ap.
1041 4283 1165 4348 lllignium
1189 4285 1285 4336 Patrol.

150 4367 206 4418 Lat.
225 4367 276 4418 vol.
295 4367 325 4418 61
346 4382 369 4432 p.
385 4365 464 4416 326ss
483 4374 508 4418 et
526 4367 594 4434 Sulp.
613 4367 670 4418 Sov.
688 4365 710 4416 ll
729 4367 771 4431 31,
784 4367 807 4416 3.
