3086 5110
618 299 841 364 ..39.Ρ

143 480 291 562 Aquileia
307 480 436 560 exeeptis
452 485 611 559 postquam
626 477 690 540 iure
705 477 804 540 Italico
817 477 925 540 donata
937 483 1021 538 orant
1035 476 1100 554 lege
1115 477 1187 538 lulla
1203 497 1265 538 au
1277 497 1301 539 c

146 582 218 644 705
242 581 273 642 in
296 580 342 642 ius
367 579 594 658 municipiorum
612 573 828 654 venerunt¹⁴³).
873 575 1045 638 Cavendum
1061 575 1206 654 igiturne
1230 575 1303 638 Bor-

143 679 257 758 glncsio
287 677 407 757 (oppv
429 696 457 755 p.
474 673 548 751 269)
578 676 743 748 credamus,
771 675 819 736 cui
842 674 983 754 oppidum
1012 674 1047 736 ab
1078 674 1142 754 ipsc
1170 675 1302 753 Augusto

144 777 292 840 coloniae
308 792 418 836 nomen
433 775 559 836 traxisse
575 775 669 836 visum
687 782 741 836 est.
779 773 893 836 Plinius
909 773 990 834 enim
1006 773 1047 849 (h.
1060 790 1089 833 n.
1101 773 1141 834 lll
1156 773 1204 845 19,
1219 773 1301 853 130),

144 876 209 956 qui
227 875 435 953 Euganeorum
452 873 541 936 modo
559 873 701 952 oppidum
719 872 799 945 dicit,
822 871 848 936 si
863 880 927 934 tum
943 872 1048 934 luisset
1069 871 1195 950 colonia,
1216 873 1304 934 silere

144 993 219 1036 non
241 973 343 1053 potuit.
390 973 477 1045 Quod
501 973 664 1052 quominus
696 983 775 1034 recte
803 991 834 1032 sc
861 971 978 1040 habeat,
1008 970 1081 1032 nihil
1103 971 1200 1034 obstat
1223 973 1302 1051 quod

145 1081 277 1136 vocatur
298 1073 429 1150 Augusta
453 1072 581 1144 Verona3
611 1073 759 1149 Augustae
783 1071 863 1132 enim
887 1088 1053 1149 cognomen
1081 1069 1132 1132 ubi
1154 1072 1303 1150 reperitur

144 1171 277 1234 honoris
300 1189 385 1234 causa
405 1171 441 1230 ad
457 1170 621 1249 quemlibet
636 1173 847 1248 Augustorum,
870 1170 921 1232 ubi
936 1169 1093 1232 adhibetur
1112 1169 1303 1248 pronomine

143 1271 275 1352 proprio
289 1274 325 1340 (a
339 1289 366 1348 g.
379 1271 452 1348 Aug.
466 1269 675 1340 Taurinorum,
691 1269 904 1348 Rauracorum)
921 1269 956 1330 ad
967 1269 1120 1330 Caesarem
1138 1270 1302 1347 Augustum

140 1371 304 1451 pertinere
326 1369 514 1446 videtur¹⁴⁴).
552 1370 654 1432 Restat
682 1377 782 1432 autern
811 1367 920 1446 aliquid
949 1367 1140 1430 difficultatis.
1185 1368 1303 1430 Tacitus

142 1468 233 1530 enirn
258 1468 338 1546 (hist.
362 1467 449 1541 1118)
473 1467 582 1530 bellum
607 1467 795 1530 vitellianum
818 1466 986 1528 describens
1003 1467 1147 1528 Veronam
1176 1467 1307 1546 appellat

142 1566 310 1638 coloniam,
334 1567 414 1646 quod
430 1586 488 1646 qna
504 1567 618 1628 ratione
635 1566 814 1646 explicemus
835 1584 900 1627 oum
918 1583 980 1626 non
995 1564 1168 1637 habeamus,
1189 1583 1204 1626 a
1221 1574 1302 1627 certo

140 1665 263 1728 iudicio
294 1665 503 1726 abstinendum
532 1665 618 1726 nobis
646 1672 701 1726 est.
752 1665 838 1725 lllum
867 1663 1012 1726 erravisse
1039 1673 1072 1726 ut
1098 1664 1240 1726 erraverit
1267 1664 1303 1726 de

141 1767 287 1843 Augusta
311 1763 395 1824 Vind.
418 1763 509 1824 voluit
532 1763 754 1835 Mommsenus‚
789 1783 857 1825 cum
880 1762 1035 1843 Zumplius
1059 1765 1089 1839 (l.
1106 1784 1129 1825 c.
1147 1764 1159 1825 Ι
1174 1784 1202 1844 p.
1219 1764 1303 1838 403),

141 1863 314 1926 Traianum
336 1861 492 1932 deduxisse
516 1863 661 1926 coloniam
685 1870 818 1924 statuens
842 1862 970 1924 Plinium
992 1869 1072 1924 recte
1094 1869 1193 1925 tacere
1215 1862 1299 1925 Taci-

141 1971 280 2041 tumque
303 1977 365 2022 non
390 1980 489 2024 errare
511 1961 568 2024 sibi
591 1962 778 2041 persuadeat.
822 1962 861 2024 Ut
883 1969 917 2022 ut
939 1969 1039 2023 autern
1061 1970 1121 2034 est,
1150 1963 1206 2024 hoc
1229 1981 1301 2024 con-

141 2070 219 2134 stat,
245 2059 302 2122 nisi
325 2067 395 2122 ante
417 2060 554 2124 habuerit
575 2061 646 2122 illud
670 2061 731 2133 ius,
761 2068 842 2122 certe
864 2060 952 2122 tertio
982 2060 1100 2122 saeculo
1128 2079 1212 2122 more
1238 2061 1301 2123 eins

141 2160 212 2222 aevi
239 2158 372 2220 coloniae
403 2159 490 2221 titulo
513 2161 659 2222 Veronam
689 2179 756 2222 csse
784 2167 930 2222 ornatam.
975 2159 1087 2220 Dicitur
1112 2159 1191 2220 enirn
1214 2177 1301 2229 ‚anno

141 2279 173 2341 p.
201 2259 272 2321 Chr.
296 2256 358 2319 265
382 2258 436 2320 col.
452 2261 585 2336 Augusta
600 2277 675 2320 novo
693 2256 873 2320 Gallieniana
896 2256 946 2336 (cl.
965 2257 994 2317 C.
1011 2257 1033 2317 l.
1049 2256 1080 2316 L.
1100 2257 1120 2317 V
1137 2256 1243 2338 3329).

650 2435 801 2506 Aqnllelc.

238 2553 319 2626 Quae
343 2554 515 2634 Capitolium
540 2562 778 2618 commemorant
806 2561 868 2616 acta
892 2553 945 2614 SS.
969 2552 1072 2614 Felicis
1095 2561 1125 2614 et
1145 2551 1301 2627 Fortunati
1412 2636 1414 2640 .

144 2661 317 2732 martyrum
340 2653 438 2734 Aquil.
449 2653 501 2729 1η)
533 2655 682 2718 Francisei
710 2652 872 2716 Barbarani
900 2651 938 2714 de
967 2651 1076 2714 Mironi
1105 2651 1209 2714 eccles.
1232 2649 1300 2714 hist.

144 2752 325 2816 vicentinae
355 2751 441 2827 lliber
469 2754 691 2832 proditone.
719 2752 812 2832 1643)
847 2753 858 2812 l
889 2769 950 2831 cap.
967 2751 1007 2812 33
1037 2759 1189 2832 tamquam
1220 2759 1301 2814 acta

146 2853 310 2929 antiqua
352 2851 547 2930 martyrii,
593 2853 626 2912 in
668 2870 799 2912 novem
842 2850 1029 2912 lectiones
1067 2851 1108 2910 ad
1146 2850 1300 2912 matuti-

147 2971 240 3014 num
264 2949 422 3010 recitari
445 2950 593 3023 solitas,
617 2949 830 3012 distributa
860 2949 973 3010 inserta
995 2957 1120 3011 exstant.
1166 2949 1299 3021 Quorum

147 3049 259 3112 deinde
286 3047 417 3110 codicem
448 3067 523 3110 saec
548 3049 611 3110 Vlll
639 3050 670 3110 in
698 3048 842 3110 tabulario
866 3047 953 3127 capit.
982 3047 1083 3128 oppidi
1111 3047 1191 3127 quod
1220 3065 1301 3108 nnnc

149 3149 261 3212 dicitur
284 3147 410 3210 Cividala
433 3148 543 3210 servari
566 3149 682 3210 monuit
704 3144 941 3220 Kandlcrus¹⁴⁶).

238 3246 435 3325 Apollinarius
468 3249 634 3326 praelectus
657 3257 691 3310 ut
724 3266 778 3326 per
804 3253 897 3306 totam
927 3245 1041 3306 ltaliam
1075 3243 1224 3323 praesides
1256 3246 1300 3308 vel

153 3343 344 3422 magistratus
367 3351 397 3404 et
419 3345 531 3406 iudices
561 3346 710 3408 ordinaret
739 3345 775 3406 ab
803 3343 1032 3424 imperatoribus
1061 3341 1241 3404 Diocletiano
1271 3353 1301 3404 ot

152 3440 330 3503 Maximiano
354 3441 448 3502 Roma
472 3443 578 3506 missus
601 3443 766 3524 Aquileiam
790 3443 905 3503 venisse
921 3459 1087 3520 omnesque
1108 3441 1208 3521 oppidi
1224 3442 1300 3502 cives

153 3547 187 3601 ut
210 3539 412 3602 sacrificarent
439 3541 539 3604 venire
569 3543 605 3604 ad
630 3541 806 3622 Capitolium
834 3540 958 3603 iussisse
986 3536 1193 3620 narratur¹⁴²).
1238 3540 1302 3601 Hoc

108 3725 115 3736 ·
155 3705 425 3770 neinsepulcrio
448 3713 567 3757 tanturn
590 3707 801 3770 legerentur.
836 3703 942 3756 Honos
969 3705 1121 3756 clientum
1148 3705 1301 3756 instituit

156 3786 202 3836 sio
220 3786 330 3836 colore
347 3794 509 3852 patronos.

223 3867 265 3930 ιω)
284 3867 397 3919 Mommo.
417 3869 497 3935 praef.
516 3871 633 3936 inscript.
652 3870 746 3922 Veron.
765 3897 798 3906 ··-
815 3869 916 3920 Beloclr.
935 3868 953 3917 l.
972 3885 993 3918 c.
1012 3885 1034 3935 p.
1055 3869 1096 3918 27.

225 3947 267 4008 144)
285 3949 399 4001 Momms.
419 3949 497 4017 prael.
517 3952 633 4016 inscript.
653 3951 716 4016 Aug.
736 3951 813 4003 Viad.

225 4028 268 4094 ¹⁴⁵)
286 4030 316 4080 A.
336 4031 379 4084 SS.
398 4048 422 4084 a.
441 4033 464 4083 d.
484 4032 515 4084 lll
534 4033 568 4084 id.
587 4032 640 4083 lun.
662 4033 835 4096 (collectionis
853 4039 914 4084 tom,
932 4031 1007 4083 XXll
1026 4049 1049 4099 p.
1062 4033 1193 4098 456aqq.).

224 4109 268 4173 ¹⁴⁰)
285 4111 388 4178 Ephem.
407 4112 503 4166 l’lstrin
523 4115 574 4167 vol.
593 4113 638 4168 Vll
657 4117 689 4177 (a.
710 4113 786 4177 1852)
806 4131 829 4180 p.
843 4113 901 4166 210.

224 4191 267 4257 ¹⁴⁷)
285 4194 412 4263 „Cumque
426 4198 542 4249 venisset
560 4196 769 4263 apudcivitatem
786 4196 975 4262 Aquileiensern
995 4195 1019 4245 in
1038 4196 1159 4262 ternplum
1171 4195 1241 4248 loris
1260 4195 1300 4246 io-

158 4289 259 4338 gressus
277 4277 418 4328 immundae
440 4279 540 4330 hostias
559 4277 662 4329 ontulit.
698 4276 795 4328 Proeeo
815 4293 878 4329 vera
901 4293 1060 4344 peromnem
1084 4278 1214 4328 civilatem
1237 4293 1300 4328 voce

144 4360 435 4424 nogoaprooloncbnt
453 4368 482 4411 ut
500 4376 585 4412 ornnes
602 4360 725 4417 'venirent
742 4375 797 4410 curn
815 4359 909 4411 hostiis
927 4361 959 4410 ad
978 4359 1133 4426 Capitolium
1151 4357 1245 4411 lovis.“
