3114 5110
705 250 926 314 ..23-

243 427 319 488 tium
351 427 472 488 consule
500 427 519 488 i.
554 445 580 488 e.
612 444 689 488 anno
718 446 747 506 p.
781 427 847 490 Chr.
885 427 944 488 119
977 425 1147 507 positus⁹⁴).
1203 427 1394 506 Quamquam

243 525 505 604 inscriptionibus,
529 524 638 604 quibus
661 534 721 586 tres
745 526 790 588 dci
814 526 966 606 Capitolini
990 534 1280 598 commemorantur,
1304 525 1393 606 Capi

243 625 349 687 tolium
379 623 471 684 luisse
499 623 622 684 minime
650 624 780 686 adducor
809 632 841 686 ut
863 625 996 698 credam,
1023 631 1125 684 tamen
1148 624 1293 684 hocloco
1316 625 1393 686 addo

242 723 364 785 titulum
376 721 495 783 Faleriis
511 731 674 801 repertum,
690 741 752 783 non
768 741 826 800 quo
839 721 1011 802 Capitolium
1021 721 1189 782 Faleriense
1205 722 1393 795 confirmem,

243 821 294 882 sed
319 820 386 900 quia
410 820 544 881 omnium
569 821 620 899 qui
642 828 722 882 entra
747 821 870 882 Romam
892 820 1085 882 inveniuntur
1107 821 1193 899 longe
1215 821 1393 900 antiquissi-

243 939 310 981 mus
343 919 458 979 videtur
490 938 562 979 esse.
618 919 651 979 ln
679 918 804 980 laminae
835 919 914 980 enim
947 925 1028 1000 parte
1051 918 1162 998 postica
1185 919 1277 980 habes
1300 921 1394 982 haec:

242 1017 319 1079 lovei
347 1017 472 1078 lunonei
498 1016 640 1078 Minervai
666 1015 671 1097 Ι
695 1017 815 1078 Falesce
844 1017 912 1096 quei
940 1016 972 1078 in
995 1017 1126 1078 Sardinia
1148 1026 1221 1078 sunt
1248 1016 1251 1098 Ι
1279 1019 1394 1080 donum

243 1117 390 1177 dederunt
420 1115 585 1194 magistreis
604 1112 609 1195 Ι
629 1115 661 1176 L.
684 1115 800 1177 Latrius
822 1116 856 1176 11.
880 1115 900 1176 1.
924 1115 954 1176 C.
979 1113 1126 1194 Sal(ve)na
1152 1116 1242 1178 Vollai
1266 1117 1285 1178 f.
1308 1113 1394 1198 Ι...

242 1213 483 1293 coiraveront⁹⁶).

327 1312 445 1384 Falerii,
486 1311 627 1390 oppidum
665 1311 893 1389 perantiquum,
933 1312 1012 1389 quod
1052 1310 1268 1390 dionysiii
1312 1312 1395 1374 iuter

242 1411 459 1473 vetustissimas
482 1410 647 1470 Siculorum
671 1410 799 1470 colonias
823 1419 985 1485 enumerat,
1010 1417 1094 1471 erant
1116 1409 1148 1470 in
1171 1428 1240 1470 saxo
1264 1411 1395 1490 derupto

241 1523 330 1588 atque
353 1508 500 1584 arduo⁹⁶l
545 1509 658 1568 lncolas
681 1525 741 1567 non
773 1527 876 1568 omnes
899 1509 1010 1568 Tuscos
1038 1508 1090 1568 sed
1118 1527 1186 1568 cum
1210 1508 1331 1568 Umbris
1364 1519 1395 1570 et

240 1608 369 1684 ,Sabinos
393 1607 500 1667 mixtos
524 1595 616 1667 fuisse
632 1605 721 1666 Ottir.
738 1607 897 1668 Muellerus
919 1606 1044 1685 probare
1058 1606 1216 1682 studet⁹⁷).
1262 1607 1395 1668 Romani

242 1726 310 1774 cum
328 1706 431 1766 urbem
456 1705 607 1766 obsessam
632 1705 808 1765 delevissent
830 1705 940 1766 incolas
962 1705 1027 1766 loco
1051 1705 1154 1766 cedere
1176 1711 1206 1766 et
1221 1705 1250 1766 in
1268 1706 1395 1784 planitie

241 1804 373 1866 habitare
396 1812 566 1881 coegerunt.
612 1801 668 1876 Qui
691 1822 758 1863 cum
783 1822 893 1864 novum
910 1803 1053 1882 oppidum
1076 1802 1192 1864 colonia
1215 1803 1395 1864 deducenda

241 1904 369 1964 condere
392 1909 566 1974 statuerent,
590 1919 651 1962 non
674 1910 803 1962 veterem
827 1903 932 1963 urbem
956 1923 990 1963 ea
1012 1909 1110 1963 aetate
1133 1903 1218 1981 plane
1241 1901 1395 1964 desertam

239 2001 343 2062 incolis
372 2001 569 2079 impleverunt
597 2001 650 2060 sed
676 2000 709 2060 in
739 2001 825 2078 plano
848 2000 912 2060 solo
936 1999 1083 2060 coloniam
1107 2000 1332 2062 constituerunt
1356 2023 1395 2064 eo

240 2103 314 2173 loco,
339 2101 389 2180 qui
404 2119 493 2172 *nunc
516 2118 637 2178 quoque
661 2099 691 2158 S.
715 2099 803 2160 Maria
829 2098 858 2158 di
881 2097 975 2166 Falari
1000 2097 1130 2176 (Falleri)
1154 2097 1333 2176 vocatur⁹⁸l.

326 2201 414 2260 Vetus
437 2207 536 2260 autem
560 2199 701 2277 oppidu-m
726 2216 806 2258 nunc
829 2204 873 2258 est
896 2197 971 2257 uitta
994 2196 1165 2259 Castellana.
1210 2197 1284 2258 Cum
1308 2198 1396 2260 enim

241 2297 387 2358 triumviri
420 2316 454 2357 eo
484 2297 629 2356 coloniam
661 2295 860 2366 deducerent,
895 2312 955 2354 uon
985 2293 1014 2354 id
1047 2303 1185 2372 egerunt,
1214 2306 1247 2356 ut
1269 2304 1395 2374 gentem

241 2403 414 2456 coercerent
443 2395 495 2455 sed
515 2401 557 2456 vut
580 2405 735 2454 veteranos
758 2394 835 2472 agris
857 2393 1042 2465 adiuvarent,
1071 2412 1161 2472 quam
1189 2393 1226 2454 ob
1250 2413 1314 2456 rem
1340 2415 1396 2457 co-

240 2495 350 2556 loniam
374 2495 405 2554 in
428 2493 549 2573 planitie
572 2493 663 2553 fuisse
685 2494 784 2553 facere
807 2511 868 2552 non
891 2491 1394 2574 [1011111113,111111111111111399).

306 2710 340 2774 ⁹⁴)
359 2706 419 2774 lmp.
448 2708 558 2758 Caesare
577 2706 581 2772 Ι
602 2705 713 2756 Traiano
741 2705 868 2755 Hadriano
889 2705 893 2770 Ι
914 2707 976 2769 Aug.
1005 2705 1037 2757 lll
1055 2705 1188 2774 coslvia
1215 2725 1284 2761 nova
1306 2719 1397 2764 strata

239 2792 324 2858 lapide
345 2791 349 2856 Ι
371 2807 415 2856 per
441 2790 548 2840 medinm
575 2787 657 2839 forum
684 2787 850 2853 pecuarliunr)
870 2787 874 2853 Ι
895 2804 910 2838 a
933 2805 1027 2838 summo
1055 2789 1207 2852 vicolongo
1227 2793 1258 2840 sd
1278 2791 1397 2857 {arcum

239 2874 352 2924 iunctum
381 2871 508 2939 Capitolio
530 2871 533 2938 Ι
556 2887 588 2922 ex
615 2871 760 2921 conlatione
788 2869 934 2936 manipretii
955 2869 959 2936 Ι
978 2886 1154 2935 possessorum
1172 2870 1346 2923 circulorum
1365 2882 1397 2925 et

239 2973 270 3006 ne
286 2955 289 3020 Ι
306 2955 460 3020 gotiantinm
479 2954 539 3004 item
558 2953 669 3014 collegia
688 2967 750 3018 quae
766 2950 769 3013 Ι
785 2951 915 3015 attingunt
934 2950 1014 3000 eidem
1033 2948 1089 3000 loro
1105 2950 1109 3016 Ι
1125 2949 1146 3000 ll
1158 2953 1246 3002 viratu
1259 2990 1265 3002 .
1280 2991 1286 3004 .
1301 2991 1307 3004 .
1323 2991 1329 3004 .
1351 2972 1395 3019 ap.

237 3036 392 3088 Wilmanns.
417 3035 465 3084 Ex.
485 3035 548 3096 7943
576 3033 616 3098 (ep
636 3033 760 3083 Orellium
779 3049 802 3082 n.
823 3033 890 3084 3314
906 3055 941 3073 =
959 3048 989 3098 ap
1008 3031 1171 3082 Morcellium
1189 3051 1244 3100 opp.
1264 3035 1351 3100 epign.
1371 3037 1396 3088 ll

238 3119 293 3167 3c.
314 3119 328 3166 ‘1
348 3119 380 3181 (p.
400 3113 509 3176 291Ι111
528 3131 550 3179 p.
574 3115 640 3177 101).

223 3201 228 3208 ’
305 3198 336 3258 ⁹⁶)
355 3197 461 3263 Sylloge
480 3196 596 3262 inscript.
618 3195 673 3244 Lat.
694 3196 752 3245 aevi
772 3194 841 3244 Rom.
861 3196 900 3245 rei
919 3195 987 3260 publ.
1013 3188 1091 3260 usque
1110 3196 1141 3244 ud
1159 3196 1185 3246 (l.
1208 3197 1306 3248 dulium
1326 3200 1396 3249 Cae-

237 3295 319 3330 sarem
340 3279 378 3330 ed.
398 3278 426 3328 ll.
442 3276 598 3328 Garruccius
617 3277 682 3339 Aug.
700 3275 776 3326 Tunr.
798 3277 872 3342 1875,
890 3293 914 3342 p.
935 3277 983 3326 170
1003 3293 1025 3325 n.
1045 3277 1103 3326 558.

305 3361 337 3422 98Ι
357 3360 487 3410 Plutarch.
509 3359 685 3411 vindemiar
704 3376 726 3408 c.
746 3360 769 3408 9.

305 3441 572 3508 fflfflpfflffl

305 3522 338 3584 ⁹⁸)
357 3523 443 3572 Aliter
462 3523 562 3588 quidem
581 3522 679 3572 iudicat
697 3521 726 3571 0,
745 3520 884 3571 Muellerus
903 3522 920 3570 l.
941 3539 962 3571 c.
982 3521 991 3571 l
1009 3539 1031 3587 p.
1054 3523 1176 3573 104111.
1198 3523 1253 3576 104.
1292 3528 1395 3582 Verum

236 3603 444 3654 tamen-vidisse
471 3605 531 3654 mihi
562 3603 664 3654 videtur
689 3601 719 3652 G.
747 3603 841 3652 Dennis
871 3602 917 3652 llio
945 3601 1032 3652 Stiidte
1062 3604 1113 3652 und
1146 3604 1395 3675 Begrdbnisspliitze

236 3682 373 3732 Etruriens
391 3700 414 3749 p.
434 3684 521 3750 78sq.;
540 3682 571 3734 cf.
591 3684 695 3734 Cluver.
715 3683 771 3734 ital.
791 3685 870 3748 antiq.
890 3691 916 3733 et
934 3683 1038 3732 Molsten
1057 3684 1088 3734 ad
1108 3683 1180 3736 Cluv.
1200 3703 1223 3752 p.
1243 3691 1304 3740 5⁴0.

304 3763 335 3825 ⁹⁹)
359 3764 390 3814 cf.
415 3765 459 3816 lib.
483 3768 531 3817 col.
555 3783 577 3833 p.
602 3767 660 3828 217,
673 3769 696 3815 5.
732 3765 834 3816 Iunonis
857 3780 946 3814 nomon
973 3765 1088 3816 coloniae
1114 3767 1223 3818 inditum
1242 3771 1350 3822 videtur
1376 3793 1393 3826 a

236 3845 343 3894 lunonis
370 3847 441 3898 cultu
468 3849 493 3899 in
523 3856 612 3901 vetere
639 3847 729 3914 oppido
758 3846 967 3911 frequentissimo
986 3845 1018 3896 cl.
1038 3847 1134 3900 Cluver
1151 3849 1181 3900 lt.
1206 3859 1258 3903 ant.
1278 3871 1301 3919 p.
1322 3857 1392 3920 5423

236 3925 265 3974 0.
285 3925 393 3977 Mueller
410 3928 433 3978 1²
451 3947 473 3996 p.
495 3931 550 3982 103.
587 3929 725 3981 Praeterea
743 3927 844 3978 colonia
863 3928 958 3978 dicitur
977 3927 1060 3978 Plinio
1079 3931 1103 3981 11.
1123 3948 1147 3981 n.
1166 3931 1197 3982 lll
1217 3935 1261 3984 51:
1281 3935 1393 3989 Falisca

236 4005 285 4054 col.
304 4005 383 4073 Argis
402 4019 466 4078 orto,
486 4029 548 4079 quae
568 4012 762 4077 cognominatur
779 4010 956 4061 Etruscorum.

698 4179 911 4191 ..-.—.-.-—..
