3086 5110
592 405 812 467 ..15-

137 607 165 666 p.
181 587 248 648 Chr.
265 587 306 646 40
330 585 507 644 exstiterunt
528 583 669 662 prodigia,
698 583 814 660 Capuae
837 580 1010 659 Capitolium
1035 581 1160 642 fulmine
1181 580 1275 642 ictum

136 705 200 746 esse
223 685 302 744 idem
322 681 482 760 'Suetonius
506 679 698 756 meminit²³p

220 784 271 842 His
305 781 378 843 tanti
413 781 555 840 momenti
582 779 764 858 argumentis
799 777 1108 838 addotestimoninm
1139 795 1174 838 ex
1204 778 1275 838 actis

136 892 306 944 sanctorum
330 881 547 957 depromptum,
572 879 635 939 dico
659 886 722 949 acta
746 875 797 936 SS.
822 876 891 936 Ruti
915 887 944 935 et
967 875 1160 956 Carponii²⁴).

222 983 431 1040 Verumtamen
476 978 620 1056 passionis
666 976 752 1036 verba
798 975 900 1036 ultima
942 993 1048 1054 parum
1093 975 1205 1036 sincera
1246 981 1276 1034 et

136 1077 342 1152 ‚,autbentica“
367 1077 417 1136 sed
433 1076 518 1136 variis
533 1075 684 1154 inquinata
702 1081 771 1134 sunt
787 1073 910 1142 mendis,
934 1093 1009 1153 qnae
1025 1073 1112 1133 fidem
1130 1073 1275 1142 minuant,

136 1197 230 1256 neque
254 1177 284 1236 in
307 1178 398 1237 altero
421 1175 495 1234 libro
520 1194 573 1234 ms.
597 1175 751 1252 leguntur,
784 1179 816 1231 nt
845 1173 1006 1234 cavendum
1037 1172 1123 1232 nobis
1153 1173 1208 1242 sit,
1237 1191 1276 1233 ne

133 1276 261 1336 nimium
277 1273 442 1334 autoritatis
459 1272 495 1332 iis
510 1271 685 1332 tribuamus.
731 1270 815 1342 Quod
833 1271 910 1330 enim
928 1272 1038 1332 detine
1063 1273 1276 1349 persecutionis

133 1375 242 1435 dicitur
271 1373 463 1432 falsissimum
494 1381 554 1439 est,
586 1389 653 1432 cum
684 1369 739 1430 sub
761 1369 876 1430 Galerio
899 1371 1057 1432 Maximino
1083 1371 1194 1436 Licinio
1222 1389 1277 1433 nec

133 1491 196 1534 non
225 1473 334 1532 loliano
357 1491 419 1532 eam
444 1471 645 1532 continuatam
671 1487 735 1530 esse
764 1490 817 1550 pro
845 1479 925 1530 certo
954 1471 1122 1532 habeamus.
1167 1471 1277 1530 Deinde

135 1571 268 1649 Capitolii
300 1571 336 1630 de
365 1571 502 1630 incendio
531 1570 608 1648 quod
638 1579 740 1630 auctor
769 1569 915 1648 passionis
945 1569 1094 1630 fabulatur
1122 1570 1161 1629 ita
1189 1569 1276 1630 verba

135 1668 270 1730 Suetonii
293 1669 377 1748 sapit,
402 1677 435 1728 ut
457 1669 491 1728 ad
516 1669 603 1727 tidem
627 1667 803 1728 narrationis
827 1666 1188 1745 augendamimplicitum
1213 1685 1276 1728 esse

135 1767 276 1827 videatur.
313 1767 394 1826 Licet
410 1776 507 1827 autem
524 1775 652 1826 extrema
669 1766 815 1826 enarratio
831 1764 981 1843 supposita
999 1765 1037 1824 sit
1053 1774 1081 1824 et
1103 1765 1276 1838 adulterina,

134 1873 234 1925 tamen
268 1874 360 1924 totam
394 1865 571 1925 reiciendum
607 1883 672 1924 osse
705 1864 751 1924 vix
779 1864 942 1942 putaverim
971 1881 1069 1942 neque
1098 1865 1164 1943 plus
1188 1883 1275 1943 quam

136 1965 252 2041 Capuae
285 1972 349 2022 tum
381 1964 550 2042 Capitolium
586 1963 678 2023 fuisse
707 1981 741 2024 ex
769 1963 842 2022 actis
871 1963 1045 2040 collegerim.
1091 1962 1275 2042 Quamquam

136 2061 205 2140 quid
229 2061 335 2140 loquor
350 2062 386 2121 de
402 2062 459 2122 lide
482 2081 596 2132 eorum,
621 2080 687 2121 cum
705 2080 775 2140 prae
791 2061 880 2120 tantis
896 2061 951 2120 illis
975 2061 1151 2128 testimoniis
1175 2071 1274 2121 utrum

134 2169 269 2238 suspecta
303 2161 363 2220 sint
397 2179 496 2220 annon
530 2161 603 2220 nibil
635 2165 750 2220 referat.
801 2159 861 2219 Silii
888 2159 988 2228 italici,
1017 2159 1067 2238 qui
1101 2159 1275 2238 Capitolium

134 2257 401 2336 commemorant
425 2259 512 2319 verba
537 2279 624 2338 quam
649 2259 732 2320 nihili
755 2259 814 2319 sint
837 2259 913 2319 infra
937 2258 1152 2336 explicabimus.

220 2357 297 2417 Haec
320 2366 391 2416 sunt
414 2357 544 2436 Capitolii
562 2358 748 2428 documenta,
771 2375 853 2418 nunc
875 2357 944 2435 quid
969 2375 1003 2416 ex
1022 2357 1057 2418 iis
1079 2357 1275 2436 colligendum

133 2456 173 2516 sit
199 2473 381 2533 quaeramus,
432 2459 472 2516 Ac
498 2457 626 2535 primum
651 2457 771 2536 quidem
791 2474 858 2516 cnm
879 2455 999 2515 Tacitus
1021 2464 1086 2515 tum
1114 2455 1276 2516 Suetonius

134 2553 175 2613 nil
198 2554 255 2613 nisi
278 2553 428 2614 'liberium
452 2554 567 2633 Capuae
591 2555 766 2634 Capitolium
789 2553 940 2614 dedicasse
964 2555 1073 2628 dicunt.
1108 2556 1166 2614 Aut
1187 2553 1277 2630 igitur

134 2651 231 2730 Capua
254 2670 349 2731 usque
372 2653 406 2713 ad
429 2653 458 2713 id
481 2663 600 2732 tempus
622 2655 687 2714 eius
711 2653 790 2713 modi
813 2654 924 2732 templo
947 2653 1064 2713 carebat
1080 2651 1276 2731 princepsque

132 2751 246 2829 primae
262 2751 325 2811 eius
342 2751 517 2812 dedicationi
533 2753 674 2811 intererat
690 2759 740 2812 ant
754 2752 897 2830 templum
911 2770 978 2812 casu
996 2751 1123 2830 quodam
1136 2752 1276 2811 alllictum

133 2857 331 2912 restauratum
357 2858 387 2908 et
409 2849 507 2909 denuo
531 2867 545 2908 a
569 2849 688 2910 Tiberio
712 2849 877 2909 dedicatum
906 2847 1007 2922 est²⁶t
1053 2850 1111 2909 Sed
1141 2849 1277 2908 dedicare

134 2949 314 3007 nouaclum
338 2947 475 3006 denovo
506 2947 618 3026 templo
648 2947 700 3006 sed
728 2946 815 3006 etiam
840 2946 877 3006 de
900 2945 1032 3025 quolibet
1058 2947 1119 3006 sive
1147 2946 1275 3024 primum

135 3046 288 3106 aediilcato
304 3045 364 3106 sive
380 3045 519 3105 restituto
536 3045 650 3106 dicitur.
689 3045 792 3123 ltaque
806 3044 923 3105 Castani
939 3043 1126 3115 sententiam,
1142 3043 1194 3122 qui
1209 3063 1276 3104 eum

133 3145 201 3205 talia
223 3145 254 3204 in
277 3143 434 3222 provinciis
456 3145 566 3222 templa
595 3163 629 3204 ex
659 3143 750 3222 gratia
779 3152 868 3222 atque
895 3143 992 3204 lavore
1019 3143 1185 3222 principum
1214 3149 1278 3203 orta

136 3261 200 3303 esse
230 3241 394 3321 censeat²⁷)
426 3243 566 3322 Campani
589 3241 721 3323 Capitolii
743 3240 893 3302 Tiberium
922 3242 1013 3302 luisse
1043 3250 1193 3302 auctorem
1222 3239 1278 3302 sibi

203 3377 235 3442 ²³)
257 3375 284 3426 lu
314 3379 368 3431 vita
395 3379 527 3441 Caligulae
555 3397 576 3430 e.
601 3378 645 3428 et:
684 3378 837 3445 Capitolium
861 3378 960 3446 Capuae
992 3377 1026 3428 ld.
1055 3377 1119 3428 Mar.
1147 3379 1191 3428 de.
1205 3377 1277 3428 caelo

134 3465 230 3508 tactum
248 3465 296 3508 est.

201 3541 235 3604 ²⁴)
258 3540 331 3606 Apud
350 3540 465 3592 bolland.
484 3540 514 3592 Α.
528 3540 572 3590 SS.
585 3538 620 3592 VI
638 3538 694 3592 liei.
708 3540 776 3606 Sept.
796 3539 901 3605 (maasia
920 3540 985 3603 Aug.
1003 3547 1055 3591 tom
1074 3537 1132 3602 Vll:
1151 3539 1201 3589 Sub
1220 3539 1278 3589 Dio-

135 3623 245 3673 cletiano
265 3624 420 3689 imperatore
438 3630 466 3672 et
482 3621 638 3674 Maximiano
657 3623 769 3676 Caesare
788 3629 845 3674 erat
866 3622 1009 3688 persecutio
1028 3621 1232 3672 Christianorum
1251 3622 1277 3672 iu

134 3705 267 3769 provincia
280 3705 439 3770 Campaniae,
457 3705 483 3754 ia
501 3705 594 3770 templo
608 3704 731 3770 Capitolii
744 3703 843 3770 Capuae
862 3739 1042 3755 ...........
1061 3702 1204 3768 Quaeecta
1217 3710 1278 3753 aunt

134 3786 291 3850 temporibus
308 3785 464 3836 Diocletiani
483 3786 645 3851 imperatoris
664 3793 690 3836 et
709 3784 857 3835 Maximiani
871 3785 989 3838 Caesaris
1007 3792 1034 3836 et
1046 3785 1200 3838 Castelliani
1218 3801 1278 3851 pro-

136 3868 248 3919 consulis
271 3868 312 3932 qui
335 3868 361 3918 iu
381 3866 508 3932 Capitolio
532 3867 696 3918 deserviebat
717 3867 768 3918 diis
790 3866 986 3918 sordidissimis.
1030 3865 1101 3930 Quod
1124 3865 1277 3930 Capitolium

137 3947 243 3998 civitate
256 3947 339 4014 Capua
359 3947 518 3999 orationibus
538 3963 573 3999 as.
587 3947 641 3998 ltufi
656 3956 683 3998 et
695 3947 816 4012 Carpouii
830 3947 945 3998 Christus
957 3945 1067 3998 dulmine
1077 3963 1123 3998 auo
1135 3947 1277 4011 interemit,

135 4037 163 4082 et
180 4030 249 4081 ultra
267 4047 316 4082 uon
335 4031 453 4082 surrexit
471 4031 617 4096 persecutio
635 4045 798 4097 paganorum.

201 4111 236 4173 ²⁶)
253 4111 315 4162 Pura.
332 4112 379 4164 lib.
397 4111 435 4162 Xl
453 4111 820 4178 temperamentorum
839 4111 908 4164 celsa
927 4111 1051 4164 Stellatea
1069 4113 1160 4164 docent
1178 4127 1278 4178 campos

134 4192 301 4256 Cereremque
319 4192 460 4256 benignam.

201 4275 235 4337 ¹⁸)
253 4275 407 4340 Capitolium
424 4277 558 4340 dedicare,
576 4278 692 4342 reficere,
710 4277 848 4328 restituere
867 4284 927 4330 aunt
944 4279 1010 4330 artie
1027 4277 1153 4331 vocabula
1171 4293 1216 4328 aec
1234 4291 1279 4326 ao·

133 4357 185 4408 lum
204 4357 235 4406 de
253 4356 312 4422 Cap.
332 4355 402 4406 Rom.
422 4359 465 4408 sed
485 4358 562 4410 otiam
581 4360 612 4409 de
631 4357 767 4426 Capitoliis
785 4358 878 4425 imperi
895 4365 1058 4425 usurpantur.

200 4441 233 4505 a>
250 4439 269 4492 1.
288 4457 310 4492 ο.
328 4455 353 4508 p.
370 4439 412 4492 es.
431 4440 472 4492 ae.
543 4463 546 4468 ι
