3086 5110
574 399 793 463 ...35-

14 573 28 612 ³²
113 564 291 660 Malespinii,
320 597 379 659 quo
409 578 472 640 iure
500 578 696 658 supersedere
727 595 903 657 possumus,
937 576 1080 657 quoniam
1111 575 1259 638 smenon-

113 681 270 743 Boichorst
281 680 298 740 l.
316 695 339 740 c.
355 698 383 758 p.
401 676 442 738 te
453 697 515 759 sqq.
537 678 618 739 illum
635 695 689 758 per
703 677 838 738 fraudem
856 695 891 738 ex
902 676 1025 738 Villanei
1039 677 1114 738 libro
1129 676 1260 756 exscrip-

113 789 177 844 tum
202 797 267 841 esse
292 777 497 858 probavit²²⁷).

199 877 344 951 Quoniam
369 877 405 937 de
429 875 563 955 Capitolii
590 873 769 936 testimoniis
798 873 927 935 disserui
956 873 1014 936 iam
1042 881 1132 936 restat
1162 883 1196 937 ut
1224 876 1260 936 de

18 975 28 1014 ἶ
115 977 288 1040 condicione
301 977 382 1037 urbis
395 993 487 1055 pauca
500 974 588 1034 verba
604 975 720 1035 faciam.
745 974 829 1046 Quae
842 973 913 1052 quin
931 991 946 1032 a
960 973 1101 1034 Romanis
1116 973 1259 1050 originem

15 1075 31 1114 l'
115 1077 242 1150 duxerit,
259 1075 382 1137 dubium
399 1091 461 1134 non
478 1083 543 1144 est,
557 1091 625 1134 cum
648 1072 742 1151 ipsius
758 1071 890 1132 vocabuli
907 1073 1001 1131 lorma
1017 1072 1096 1134 velut
1112 1071 1260 1146 Faventia,

14 1161 28 1216 t·
114 1176 273 1248 Placentia,
293 1173 427 1236 Fidentia
457 1179 632 1250 argumento
656 1171 704 1231 sit.
750 1170 812 1231 Nec
837 1170 936 1231 minus
959 1170 1118 1232 verisimile
1146 1171 1262 1232 videtur

14 1260 31 1316 6
115 1293 177 1337 eam
197 1275 311 1345 urbem,
335 1291 402 1334 cum
420 1271 545 1334 Romani
561 1257 705 1332 coloniam
728 1270 874 1331 deducere
896 1277 1071 1340 statuerent,
1091 1271 1152 1331 iam
1170 1271 1262 1331 exsti-

14 1409 18 1419 ·
114 1375 193 1444 tisse,
209 1392 276 1434 cum
295 1372 400 1432 Florus
415 1371 491 1432 bello
507 1369 581 1430 civili
598 1369 728 1430 Mariano
743 1369 821 1429 inter
835 1368 997 1448 municipia
1014 1367 1112 1430 ltaliae
1128 1369 1261 1450 splendi-

25 1479 29 1490 '
116 1471 237 1533 dissime
261 1469 486 1545 enumerem).
531 1470 724 1530 [ledunerunt
747 1477 845 1529 euntem
869 1469 1015 1530 coloniam
1039 1469 1260 1545 triumviri¹²⁹),

18 1609 20 1618 .
115 1581 306 1651 praeceptum
324 1570 455 1630 Caesaris
473 1573 518 1644 (ut
533 1570 626 1630 visum
644 1576 691 1630 est
706 1567 891 1630 Mommseno
908 1568 1010 1647 agrim.
1028 1568 1053 1628 ll
1071 1568 1130 1630 166
1147 1569 1214 1630 adn.
1229 1568 1261 1644 3)

23 1681 31 1718 ι’
117 1670 243 1731 fortasse
266 1667 403 1728 exsecuti.

611 1846 773 1902 Ravenna.

200 1965 377 2044 Capitolium
393 1965 449 2026 nisi
465 1965 537 2026 actis
554 1984 576 2025 s.
591 1965 776 2044 Apollinaris,
793 1964 880 2045 primi
894 1963 1109 2027 Rauennatium
1123 1966 1261 2047 episcopi,

21 2084 28 2112 t
114 2065 165 2144 qui
188 2064 295 2125 vixisse
318 2065 413 2125 fertur
435 2065 511 2126 circa
534 2083 647 2124 annum
670 2083 699 2144 p.
721 2063 789 2124 thr.
815 2065 868 2137 76,
897 2081 1046 2144 nusquam
1068 2065 1147 2144 quod
1171 2066 1261 2126 sciam
1333 2077 1337 2082 '

115 2171 375 2225 commemoratur.
411 2164 501 2224 Cuius
529 2163 623 2224 suncti
648 2163 793 2242 passionis
822 2149 929 2242 duplex
958 2171 1003 2224 est
1029 2163 1140 2237 relatio,
1172 2165 1261 2227 altere

14 2293 25 2344 c.
114 2263 232 2324 brevior
259 2279 380 2324 excussa
411 2281 444 2324 ex
473 2263 587 2340 Agnelli
614 2279 668 2322 seu
698 2262 850 2334 Andreae,
888 2261 1001 2322 abbatis
1033 2281 1055 2323 s.
1088 2261 1196 2324 llariae
1225 2265 1261 2326 ad

23 2383 25 2390 ¹
115 2361 293 2446 blachernas
314 2362 389 2422 libro
413 2361 571 2440 pontificali
601 2359 662 2420 sive
690 2379 725 2420 ex
748 2360 812 2420 vitis
839 2360 1014 2439 pontificum
1038 2361 1261 2432 Rauennatium,

16 2469 25 2524 i
116 2477 188 2540 quas
204 2460 377 2520 llacchinius
396 2477 429 2520 ex
445 2460 619 2520 bibliotheca
636 2459 754 2520 Estensi
770 2465 868 2520 erutas
885 2458 1142 2520 dissertationibus
1159 2461 1261 2520 obser·

22 2639 23 2642 Ἴ
114 2559 341 2638 vationibusque
371 2577 427 2620 nec
455 2577 517 2619 non
546 2559 708 2638 appendice
742 2560 1005 2618 monumentorum
1035 2558 1260 2634 illustravit¹⁸⁰),

21 2703 22 2707 ,
115 2660 206 2719 altera
228 2657 348 2719 uberior
372 2658 531 2738 morbisque
554 2657 762 2719 additamentis
791 2663 876 2718 aucta
899 2671 1047 2736 anonymo
1071 2665 1191 2720 auctore
1200 2658 1260 2734 ιΜ).

21 2785 24 2792 ¹
115 2759 255 2835 Agnellus
283 2775 460 2818 crannum
489 2757 551 2818 866
581 2764 667 2816 natos
695 2757 813 2836 scripsit
840 2756 952 2818 librum
980 2757 1176 2836 pontificalem
1207 2758 1261 2819 sub

17 2871 22 2902 ι
117 2873 228 2916 annum
258 2854 320 2916 839
348 2856 500 2934 amplexus
529 2855 603 2914 vitas
632 2855 807 2934 pontificum
838 2856 873 2916 ab
903 2855 1072 2934 Apollinare
1101 2875 1197 2936 usque
1226 2859 1262 2918 ad

17 2973 19 2985 ¹
117 2971 225 3016 annum
242 2953 314 3016 836.
339 2955 474 3026 Quicum
487 2962 563 3015 osset
578 2953 721 3014 barbarus
736 2971 898 3033 rerumque
913 2962 943 3015 et
958 2963 1126 3034 temporum
1143 2955 1263 3034 ignarus

16 3095 20 3111 .
116 3039 215 3115 tamen
231 3054 362 3116 veritatis
383 3053 606 3115 amantissimus
631 3052 779 3132 „antiquis
802 3053 926 3132 dypticis
948 3054 1112 3134 perspectis
1134 3054 1262 3135 inscrip-

14 3139 19 3220 ζ
115 3154 246 3215 tionibus
259 3154 423 3234 descriptis,
439 3153 625 3214 basilicarum
639 3153 758 3214 musivis
770 3153 880 3226 relatis,
896 3153 1018 3232 digestis
1031 3153 1118 3214 etiam
1129 3155 1262 3234 quamvis

115 3257 328 3268 -ι--ι-ι--ωι-ο-ι

116 3304 172 3356 eici
190 3305 306 3370 Pelagio,
325 3321 403 3354 ovcro
423 3305 447 3354 la
466 3311 562 3358 mestre
572 3304 687 3356 fortezze
706 3305 772 3354 della
786 3300 861 3372 Citii,
881 3304 989 3369 equello
1002 3302 1030 3354 lu
1042 3304 1068 3354 di
1080 3305 1263 3368 merevigliosu

14 3393 19 3434 t
116 3385 240 3436 bellczza.
259 3387 260 3392 ’
277 3383 372 3448 Questo
391 3385 566 3450 Cempidoglio
585 3385 612 3436 fu
630 3389 694 3438 dove
713 3383 727 3437 ὲ
745 3385 821 3452 hoggi
839 3387 864 3435 la
878 3386 965 3452 plazze
983 3385 1008 3435 di
1022 3385 1136 3436 Mercate
1151 3387 1264 3450 vecchio,

116 3467 140 3518 di
159 3473 227 3517 sotto
246 3466 299 3516 elle
318 3465 417 3532 chiese,
437 3469 482 3517 ebe
502 3467 523 3518 si
542 3469 637 3518 chiama
657 3467 734 3518 Senta
754 3467 836 3518 Maria
855 3467 881 3518 in
900 3467 1101 3534 Cempidoglio.“

14 3595 18 3622 ,
187 3547 227 3612 ¹¹⁷)
245 3547 408 3598 Posteriores
424 3563 512 3598 rerum
531 3549 600 3600 Plor.
621 3551 765 3616 scriptores
785 3565 839 3599 com
859 3563 945 3599 omnes
964 3550 1021 3614 plns
1039 3550 1120 3600 minus
1139 3552 1265 3616 pendeant

14 3689 18 3708 ι
115 3631 272 3694 aVlllaoee,
291 3631 316 3680 in
327 3629 455 3696 Capitolio
471 3631 627 3684 illustrando
641 3633 721 3684 lucem
732 3629 802 3684 ferre
815 3639 950 3696 nequeunt.
989 3630 1100 3695 Quorum
1113 3647 1144 3682 en
1159 3648 1263 3684 nvvmere

14 3715 16 3728 ¹
116 3713 278 3764 nominentur
303 3712 418 3762 Bnrthol.
442 3713 516 3764 Scele
541 3713 642 3777 (histor.
665 3713 736 3764 Flcr.
760 3713 823 3764 libri
841 3714 950 3780 quinque
974 3729 1013 3780 ep.
1039 3713 1176 3764 Greevium
1197 3715 1263 3766 thes.

14 3791 17 3822 ¹*
116 3796 194 3860 antiq.
230 3793 260 3844 lt.
280 3803 339 3846 tom.
360 3793 423 3858 Vlll‚
444 3795 486 3844 ubi
506 3793 536 3846 cl.
556 3795 600 3846 lib.
619 3793 627 3844 l
647 3795 691 3860 §8
710 3795 863 3860 §st-37),
882 3793 992 3856 Poggius
1005 3795 1179 3846 Bracciolinus
1193 3797 1262 3859 (nist.

118 3875 186 3924 Plor.
205 3875 267 3926 libri
287 3883 344 3926 octo
364 3893 402 3942 ap.
423 3875 562 3928 Graevium
581 3877 598 3927 l.
618 3879 666 3941 c.l;
692 3877 805 3940 Angelus
824 3875 969 3926 Politianus
988 3877 1072 3942 (epist.
1092 3878 1137 3928 lib.
1158 3877 1167 3927 l
1191 3893 1228 3944 ep.
1248 3877 1263 3926 2

14 3999 15 4006 ,
117 3955 148 4005 ad
166 3953 269 4007 Petrum
289 3957 456 4022 Medicenm);
475 3957 608 4022 Uglrellius
627 3957 694 4024 (ltel.
714 3973 779 4010 secr.
798 3967 858 4010 tom.
877 3957 910 4008 lll
922 3959 958 4024 6),

185 4037 230 4101 ¹⁹⁸)
247 4053 305 4104 pag.
323 4041 365 4103 90,
378 4041 411 4090 25
431 4041 482 4105 (od.
500 4041 529 4091 0.
547 4039 636 4104 lehn).

186 4120 228 4183 ¹⁹⁹)
248 4121 293 4170 lib.
313 4123 361 4172 col.
381 4122 441 4188 213,
454 4122 480 4172 6,

185 4203 226 4265 ¹⁸⁰)
246 4203 311 4270 epod
330 4203 501 4256 Muretoriurn
519 4203 577 4254 Iler.
597 4202 654 4254 ltal.
675 4220 725 4254 scr.
744 4203 796 4254 vol.
815 4202 836 4252 ll
857 4203 867 4252 l
888 4219 911 4268 p.
925 4201 1027 4252 32-34
1046 4203 1088 4268 l=
1100 4202 1158 4254 Act.
1178 4203 1220 4254 SS.
1237 4203 1264 4254 X

116 4283 173 4337 nal.
193 4285 243 4336 tul.
262 4283 331 4351 (tom.
353 4285 375 4338 V
392 4303 471 4338 mens.
491 4285 543 4337 lun.
563 4303 586 4352 p.
600 4285 770 4351 366-352)).
990 4273 991 4276 “

185 4367 227 4432 ¹¹²)
245 4383 260 4419 e
279 4367 313 4420 lo.
332 4367 405 4420 Pinio
425 4383 458 4418 ex
481 4367 667 4419 mellendensi
691 4383 798 4418 excussa
822 4373 908 4418 exstat
935 4368 962 4417 in
985 4354 1101 4420 Bellendi
1125 4367 1199 4419 Actis
1218 4367 1262 4418 SS.

117 4451 136 4502 l.
155 4467 176 4500 c.
196 4467 218 4515 p.
232 4451 281 4500 tte
292 4466 346 4516 sqq.
365 4457 392 4501 et
410 4451 475 4516 apud
494 4450 663 4502 Muretorium
681 4451 698 4501 l.
719 4467 739 4500 c.
760 4451 811 4504 vol.
831 4447 841 4498 l
860 4450 874 4499 2
893 4466 916 4515 p.
937 4444 1034 4515 etseq.

1069 4533 1102 4589 3*
