3114 5110
612 350 834 412 ...61-

153 522 298 602 templum
328 524 520 585 Narbonense
553 543 589 584 ex
619 542 767 586 marmore
797 526 881 586 Pario
909 526 1021 588 iactum
1054 546 1122 588 oum
1150 527 1291 606 Capitolio

154 619 299 682 Romano¹
317 632 477 700 comparat,
512 623 583 702 quin
615 623 791 702 Capitolium
826 624 1034 702 significaverit
1067 625 1210 688 dubitatio
1232 627 1293 687 iem

153 736 216 780 nou
238 719 487 799 relinquitur²⁸⁰).

238 818 359 880 Accedit
380 819 458 897 quod
481 827 543 880 eota
566 817 596 878 S.
620 818 702 879 Pauli
733 818 909 880 confessoris
938 818 1065 898 episcopi
1094 819 1293 883 Narbonensis

155 913 329 993 Capitolium
356 914 587 994 respiciun1⁹³1t
642 915 744 995 Neque
772 935 841 976 vero
869 916 1010 995 Capitolio
1038 917 1155 979 sublato
1182 936 1294 980 nornen

157 1031 193 1072 ex
220 1013 321 1090 lingue
348 1014 457 1090 vulgari
486 1013 622 1074 discessit
654 1015 706 1074 sed
740 1014 830 1092 viguit
853 1031 948 1094 usque
981 1015 1018 1076 ad
1051 1015 1199 1076 decimum
1232 1019 1294 1078 iere

156 1120 295 1187 quartum
310 1131 338 1190 p.
356 1112 423 1172 Chr.
440 1112 599 1173 saeculnm.
623 1111 686 1172 Hoc
701 1111 770 1172 inde
785 1111 928 1190 sequitur,
944 1114 1023 1192 qnod
1039 1113 1070 1174 in
1086 1113 1292 1176 instrumentis

154 1207 339 1286 emptionum
363 1227 418 1270 seu
439 1209 537 1270 latinis
561 1227 614 1268 seu
637 1208 755 1285 gallicis,
782 1210 912 1288 quaein
936 1211 1079 1272 tabulario
1100 1212 1182 1273 urbis
1204 1213 1292 1274 Nsrb.
1325 1259 1327 1264 -

154 1314 375 1379 conserventur,
391 1304 669 1386 frequentatur²³²l
693 1307 776 1368 Unde
790 1306 866 1368 ellici
880 1307 995 1369 videtur
1010 1309 1186 1388 Capitolium
1201 1311 1293 1372 fuisso

222 1508 267 1571 ¹⁸⁰)
284 1508 320 1560 De
339 1509 401 1560 clar.
421 1508 476 1558 urb.
495 1506 562 1571 Xlll,
582 1509 625 1560 14:

354 1591 467 1656 quodque
484 1589 533 1639 tibi
551 1589 674 1654 quondam
687 1588 763 1638 Porio
782 1589 812 1638 de
830 1604 954 1640 marmore
973 1591 1093 1655 templum

355 1677 440 1720 tentae
459 1671 533 1720 molis
553 1677 618 1732 erat,
636 1677 754 1735 quantam
773 1686 822 1719 non
840 1677 975 1735 sperneret
993 1671 1054 1722 olim

354 1751 508 1818 Tarquinius
526 1751 681 1816 Catulusque
699 1752 799 1814 iterum,
818 1759 962 1818 postremus
980 1761 1006 1804 et
1024 1753 1081 1818 ille,

355 1849 433 1884 aurea
451 1835 494 1900 qni
513 1834 607 1884 statuit
625 1831 737 1898 Capitoli
756 1835 866 1884 culmine
884 1835 988 1885 Caesar.

223 1913 266 1974 ²³¹)
285 1913 316 1964 A.
329 1913 372 1964 SS.
386 1931 409 1964 a.
423 1915 445 1964 d.
458 1913 496 1964 XI
508 1914 558 1964 lral.
571 1913 654 1979 April.
676 1915 762 1976 (mens.
777 1914 852 1965 biert.
871 1922 930 1965 tom.
943 1915 980 1965 IX
998 1932 1021 1981 p.
1035 1917 1107 1979 titt:
1126 1915 1222 1978 „Cuius
1238 1933 1294 1967 cum

154 1993 303 2054 magisterio
327 1994 464 2046 infidelitas
487 1994 661 2056 decresceret,
690 1993 753 2044 fides
778 2003 922 2062 cresceret,
943 2011 1069 2047 conversa
1092 1996 1294 2048 Narbonensium

155 2074 315 2141 superstitio,
334 2090 397 2140 quae
414 2075 494 2126 adbuc
512 2075 675 2128 diversorum
694 2074 846 2141 templorum
864 2076 974 2128 culturis
988 2085 1014 2128 et
1025 2077 1146 2144 Capitolii
1158 2078 1295 2128 ambitione

154 2155 293 2222 pollebst“.

223 2237 266 2300 ¹³²)
284 2235 357 2286 Anno
384 2237 448 2289 1066
471 2237 588 2304 queritur
612 2235 763 2298 Guifredus,
788 2238 993 2304 archiepiscopus
1015 2237 1205 2302 Narbonensis,
1229 2239 1295 2307 quod

156 2317 298 2368 bernardus
317 2319 489 2382 Bereogarius
507 2320 649 2370 vicecomes
668 2317 771 2382 ,‚autert
789 2319 815 2368 ei
832 2320 912 2385 ipsam
930 2321 1015 2372 sedem
1029 2329 1176 2372 sanctorum
1193 2320 1257 2372 lusti
1270 2327 1295 2371 et

155 2399 272 2450 Pastoris
290 2408 317 2450 et
334 2407 419 2450 terres
438 2415 500 2466 quae
518 2401 612 2452 ibidem
631 2407 680 2465 est,
703 2400 865 2452 medietatem
883 2402 999 2453 civitatis
1017 2401 1152 2454 Narbonae
1171 2411 1294 2468 exparte

156 2481 226 2532 Circi
249 2488 274 2532 et
298 2491 385 2534 turres
403 2482 510 2548 quaein
528 2483 615 2534 eadem
633 2489 706 2547 parte
725 2488 784 2551 sunt
803 2489 829 2532 et
848 2483 927 2548 ipsum
946 2484 1101 2549 Capitolium
1119 2485 1184 2549 qnod
1202 2483 1294 2534 ibidem

156 2563 223 2614 est“.
260 2563 393 2616 Discordia
413 2564 502 2615 deinde
521 2565 556 2616 ita
575 2565 713 2632 composita
732 2572 785 2615 est:
803 2601 852 2630 ‚‚..
868 2602 874 2615 .
888 2572 916 2616 et
933 2566 964 2616 de
977 2566 1027 2616 ista
1040 2567 1103 2616 hora
1116 2565 1141 2615 in
1157 2573 1233 2616 auten
1247 2581 1296 2614 nen

156 2643 275 2695 dezebrei
295 2643 444 2696 Guilredum
458 2681 482 2696 ..
497 2683 503 2696 .
516 2647 546 2696 de
564 2645 632 2712 ipsos
651 2661 737 2696 muros
756 2647 798 2696 vel
816 2653 903 2696 turres
925 2647 967 2712 qni
990 2653 1050 2697 sunt
1071 2648 1102 2697 de
1120 2647 1198 2698 Porta
1216 2646 1296 2711 Regia

155 2741 234 2791 usque
252 2726 284 2776 sd
302 2727 394 2777 turrim
416 2727 573 2778 Mcurescam
592 2743 625 2777 ex
643 2735 716 2794 perte
734 2728 819 2791 Circi,
842 2742 922 2793 neque
940 2729 971 2778 de
989 2728 1044 2794 ipss
1068 2728 1127 2779 sede
1145 2727 1295 2779 Sanctorum

155 2805 219 2858 lusti
238 2815 264 2857 et
282 2805 411 2872 Pastoris,
435 2823 514 2873 neque
536 2810 567 2858 de
592 2809 648 2874 ipso
672 2809 798 2874 Capitolio
822 2810 888 2873 quod
912 2815 953 2858 est
975 2809 1001 2858 in
1024 2809 1145 2862 Narbona
1167 2824 1246 2875 neque
1265 2809 1296 2860 de

156 2888 225 2953 ipsas
242 2887 381 2940 lortezzies
399 2905 462 2955 quae
479 2891 552 2941 modo
571 2889 608 2940 ibi
627 2897 686 2940 sunt
704 2897 731 2940 et
748 2891 774 2940 in
793 2897 869 2940 antee
882 2890 919 2940 ibi
932 2890 1034 2952 erunt“,
1052 2888 1084 2940 ei.
1098 2890 1200 2942 Valesii
1212 2888 1296 2942 Notit.

157 2967 265 3022 Galliar.
284 2971 319 3032 (e.
335 2971 409 3034 1675)
428 2987 451 3036 p.
466 2971 515 3020 370
534 2987 580 3020 aee
598 2987 647 3020 non
666 2971 780 3021 ilistoire
798 2968 919 3033 generale
943 2971 973 3020 de
991 2969 1142 3033 [languedoc
1163 2985 1209 3036 par
1225 2969 1297 3022 non.

157 3049 186 3115 Q.
204 3051 285 3103 llevic
303 3059 330 3102 et
347 3052 417 3102 Dour.
436 3051 454 3102 1.
473 3051 592 3104 Vaissete
610 3049 760 3116 (⁷i'oulouse¹
772 3051 836 3102 1819
845 3053 911 3117 sqq.)
929 3050 1025 3102 tom.V
1042 3067 1065 3116 p.
1080 3051 1130 3100 540
1139 3065 1176 3116 sq.
1189 3077 1222 3088 -
1235 3066 1256 3100 a.
1272 3052 1296 3101 d.

155 3131 217 3186 XVl
236 3133 285 3184 lral.
304 3133 350 3186 lul.
369 3149 392 3184 a.
413 3135 492 3186 1144:
514 3133 655 3200 ,‚llaimond
673 3135 704 3184 de
722 3134 747 3184 la
769 3133 847 3184 Porto
864 3132 971 3199 Repele,
995 3148 1026 3184 en
1050 3129 1171 3198 prisence
1196 3133 1227 3182 de
1249 3129 1297 3184 td-

156 3229 250 3278 renger
268 3216 298 3265 de
317 3215 449 3280 Capdueill
468 3222 494 3266 et
547 3215 576 3266 .“
611 3215 726 3266 llistoire
744 3215 767 3268 V
789 3231 813 3280 p.
833 3214 905 3264 1563.
924 3240 957 3252 -
975 3229 998 3264 e.
1016 3215 1038 3263 d.
1058 3213 1091 3265 lV
1109 3213 1159 3264 bal.
1177 3212 1253 3264 Mart
1273 3229 1296 3264 a.

158 3294 235 3348 119³:
254 3295 318 3358 „boc
336 3302 416 3346 totum
435 3295 483 3346 luit
500 3295 593 3346 lactum
611 3303 637 3346 et
655 3298 764 3348 iuratum
786 3293 853 3346 inira
876 3311 961 3346 muros
984 3295 1097 3346 civitatis
1115 3293 1247 3358 Narbone,
1270 3295 1297 3344 in

158 3377 230 3426 dome
249 3373 322 3426 Petri
339 3377 370 3425 de
388 3376 466 3440 Lacu,
485 3377 511 3426 in
528 3377 657 3443 presentia
675 3375 747 3436 Petri
765 3377 900 3428 iiaimnndi
918 3377 950 3428 de
963 3375 1090 3442 Capitolio
1108 3381 1134 3424 et
1146 3375 1297 3437 berengarii

157 3458 205 3508 lilii
224 3457 306 3508 eius“.
341 3458 456 3508 Histoire
474 3458 530 3511 Vlll
547 3476 571 3524 p.
582 3459 641 3510 418.
660 3487 692 3497 -
716 3475 738 3510 a.
758 3461 781 3509 d.
799 3458 837 3510 lX
854 3459 904 3510 bal.
924 3459 999 3510 biert.
1023 3472 1046 3507 a.
1068 3456 1146 3508 1203:
1168 3457 1235 3520 „boc
1256 3463 1298 3506 to·

156 3547 209 3590 tum
228 3537 278 3590 tuit
294 3539 388 3590 factum
416 3548 441 3591 et
463 3541 592 3592 laudatum
614 3548 641 3592 et
662 3542 786 3592 firmatum
810 3540 841 3590 ab
867 3541 954 3590 eodem
979 3539 1080 3588 domino
1107 3537 1244 3603 Aimerico,
1270 3537 1297 3586 in

157 3622 229 3672 ouria
246 3620 374 3684 Narbone,
392 3622 418 3671 in
437 3623 568 3687 presentia
592 3629 618 3673 et
636 3622 782 3672 testimonio
800 3620 950 3684 berengarii
969 3621 1000 3670 de
1019 3618 1146 3684 Capitolio
1165 3625 1191 3668 et
1208 3617 1298 3668 fratris

158 3703 212 3754 eius
231 3702 365 3754 Gnillelmi
383 3705 413 3754 de
432 3703 577 3770 Capitolio.
591 3741 597 3754 .
611 3704 640 3754 .“
660 3703 724 3754 llist.
743 3702 799 3755 Vlll
817 3719 842 3769 p.
855 3703 912 3753 489.
935 3729 969 3738 -
991 3701 1056 3764 a.,d.
1073 3698 1133 3750 Xlll
1150 3699 1201 3749 kal.
1219 3700 1297 3750 Mart.

159 3797 181 3832 a.
203 3785 279 3834 1215:
297 3785 427 3847 ,‚Arnsnd
446 3782 604 3851 arctiorique
623 3787 652 3834 de
670 3783 807 3834 Narbonne
892 3781 1021 3834 s’aecorde
1040 3796 1103 3833 aveo
1119 3781 1187 3830 Jean-
1201 3780 1299 3843 Bistan,

158 3878 190 3913 au
208 3863 275 3927 sujet
293 3866 323 3914 de
342 3865 369 3915 la
386 3865 532 3930 possession
551 3867 581 3915 de
600 3865 657 3930 cinq
675 3871 757 3926 tours,
776 3861 875 3916 situdes
894 3879 938 3914 sur
956 3863 995 3913 les
1007 3861 1139 3912 muraillcs
1158 3862 1188 3912 de
1201 3861 1226 3910 la
1239 3857 1298 3922 cite,

159 3945 189 3996 de
207 3945 278 3994 leurs
296 3961 395 3996 manses
420 3953 447 3996 et
464 3946 497 3994 du
515 3945 657 4010 Cepitole“.
692 3945 849 3997 HistoireV
874 3961 896 4010 p.
915 3944 987 3994 1516.
1014 3969 1048 3980 --
1074 3958 1097 3995 a.
1115 3941 1138 3992 d.
1156 3939 1229 3992 XVIl
1247 3941 1298 3990 kal.

157 4025 240 4076 Maias
260 4041 282 4076 s
302 4026 379 4075 1215:
406 4033 503 4090 „testes
522 4033 581 4077 sunt
597 4025 751 4076 Raimundus
776 4028 806 4075 de
829 4026 906 4088 Solis,
932 4023 1088 4074 Bertrandus
1111 4023 1141 4072 de
1167 4021 1298 4085 Oviliano‚

158 4185 313 4251 Capitolium
330 4187 407 4236 situm
426 4195 483 4238 erat
499 4187 525 4236 in
544 4203 575 4250 ea
586 4188 657 4236 urbis
676 4193 749 4252 parte
763 4201 825 4251 quae
838 4187 894 4237 vice
908 4185 1010 4235 comitis
1024 4190 1092 4246 erst3
1111 4184 1196 4249 itaque
1209 4197 1298 4232 nomen

158 4280 235 4332 saepe
253 4266 369 4316 occurrit
392 4267 419 4316 in
443 4267 514 4332 pacis
536 4267 713 4318 instrumentis
740 4266 808 4316 inter
831 4265 1049 4330 archiepiscopum
1075 4271 1101 4315 et
1123 4263 1299 4314 vicecomitem

157 4346 244 4413 iactis,
262 4362 285 4398 e.
303 4361 327 4410 g.
345 4362 430 4398 meuse
446 4349 511 4412 Aug.
529 4363 552 4400 a.
573 4348 638 4400 1232
660 4347 785 4408 (Histoire
804 4346 837 4400 Vl
854 4363 879 4414 p.
891 4347 960 4413 ott).
997 4347 1070 4397 Anno
1096 4346 1161 4396 1248
1184 4344 1299 4410 queritur
