3114 5110
619 385 841 446 ..77-

161 580 220 622 una
237 579 303 622 cum
322 579 357 620 eo
374 560 437 620 vivo
454 560 500 620 vel
516 580 550 622 eo
568 568 696 632 mortuo,
712 578 781 620 cum
796 579 812 620 a
829 559 930 620 Carolo
946 559 1071 639 imperio
1086 561 1198 640 privata
1215 569 1303 634 esset,

160 659 377 720 monasterium
400 659 552 719 exstruxit.
595 659 675 720 Duae
697 658 786 736 igitur
807 677 865 728 res,
889 658 1044 720 discidium
1060 659 1201 738 coniugis,
1225 660 1304 740 quod

161 759 350 837 Clralpaidam
381 757 565 836 anteposuit,
597 765 626 818 et
653 757 824 817 inimicitiae
851 757 992 836 privigni,
1024 759 1187 837 posteriore
1210 769 1304 820 aetate

158 857 237 918 lama
262 856 370 933 vulgari
387 857 426 917 ita
442 857 660 933 conglutinatae
676 857 816 917 videntur
831 875 905 927 esse,
931 864 962 916 ut
979 876 1010 916 ea
1028 866 1148 935 propter
1164 857 1303 936 paelicem

159 954 298 1033 al‘ipino
322 954 448 1015 dimissa
465 954 500 1014 de
523 954 639 1032 publico
662 954 821 1014 recessisse
844 961 873 1014 et
892 953 1066 1032 Capitolium
1089 974 1141 1016 seu
1167 956 1304 1034 palatium

117 1043 121 1052 ’
161 1054 193 1113 in
218 1054 429 1114 monasterium
455 1053 575 1113 vertisse
598 1053 755 1113 diceretur.
805 1052 915 1112 Iniuria
938 1061 1036 1113 autem
1061 1053 1246 1115 Duentzerus
1270 1075 1304 1115 eo

160 1152 274 1222 nititur,
299 1153 378 1230 quod
399 1151 564 1212 Plectrudis
587 1170 623 1210 ex
645 1151 751 1229 palatio
775 1152 883 1210 ducum
901 1150 1070 1210 austrasiae
1094 1153 1305 1213 monasterium

160 1251 268 1311 iecisse
290 1251 393 1311 fertur.
449 1249 518 1310 Mihi
541 1250 659 1330 quidem
683 1250 730 1309 illa
754 1249 842 1309 verba
865 1249 961 1310 addita
984 1249 1121 1310 videntur
1144 1270 1222 1324 esse,
1247 1271 1305 1332 quo

162 1350 326 1410 accuratius
350 1350 419 1429 quid
443 1349 618 1428 Capitolium
642 1348 819 1426 significaret
842 1349 886 1408 vel
914 1348 991 1427 quali
1016 1349 1084 1409 usui
1106 1349 1226 1422 luisset,
1254 1351 1305 1411 de-

161 1448 383 1508 terminaretur.
426 1449 498 1508 Nam
523 1449 547 1508 si
570 1447 625 1508 viri
648 1449 727 1508 docti
750 1457 870 1508 nostrae
893 1447 996 1508 aetatis
1012 1448 1153 1527 Capitolia
1177 1469 1230 1528 pro
1254 1469 1305 1528 pa·

162 1547 241 1607 latiis
264 1547 356 1608 fuisse
377 1548 512 1618 credunt,
536 1547 607 1626 quid
631 1547 751 1616 mirum,
775 1547 853 1624 quod
872 1546 959 1606 medii
975 1547 1038 1607 aevi
1053 1547 1211 1626 scriptores
1226 1547 1306 1608 idem

162 1642 374 1706 crediderunt?
422 1644 503 1706 ldem
532 1663 601 1705 cum
639 1652 756 1704 censeat
787 1643 925 1706 omnibus
953 1645 1024 1705 locis
1052 1646 1161 1726 templa
1189 1647 1307 1726 antiqua

163 1744 290 1805 basilicis
314 1763 336 1804 s.
354 1744 432 1804 Petri
457 1743 595 1814 cessisse,
619 1743 794 1822 Capitolium
817 1743 849 1802 in
876 1743 940 1803 loco
963 1743 1078 1815 domus,
1103 1763 1178 1824 quae
1201 1745 1308 1806 dicitur

163 1863 188 1904 s.
209 1843 297 1920 Petri,
327 1842 420 1904 luisse
450 1842 617 1921 suspicatus
647 1851 701 1902 est.
761 1842 798 1902 nt
820 1841 1043 1917 effossionibus,
1078 1861 1151 1922 quas
1180 1844 1308 1904 instituit

162 1941 276 2021 Voigtel
300 1939 552 2019 architectus²⁹⁴)‚
577 1941 659 2001 illum
683 1940 786 2000 collem
812 1940 995 2018 undeviginti
1016 1943 1106 2020 pedes
1130 1943 1222 2004 altum
1246 1963 1307 2005 non

163 2049 268 2102 natura
291 2039 342 2099 sed
366 2047 428 2099 arte
451 2039 561 2100 facturn
586 2057 648 2100 esse
672 2039 800 2100 dilucide
816 2040 960 2118 apparuit.
1002 2039 1085 2111 Quae
1100 2061 1167 2102 cum
1183 2043 1223 2103 ita
1239 2043 1307 2114 sint,

164 2138 345 2219 quaestionis
371 2138 530 2198 movendae
554 2139 649 2199 lucem
674 2139 752 2198 solae
775 2141 852 2198 ferre
875 2146 1001 2216 possunt
1025 2139 1210 2213 effossiones,
1233 2161 1308 2222 quae

162 2247 306 2317 utquam
330 2237 459 2315 primum
483 2237 555 2297 liant
577 2231 637 2298 non
661 2255 748 2298 nemo
772 2255 888 2297 mecum
912 2237 1029 2318 optabit.
1240 2225 1242 2228 ⁵

250 2436 439 2512 Augustae
468 2433 696 2494 Vindelicum
722 2443 916 2495 monumenta
945 2434 995 2513 qui
1019 2435 1308 2514 descripserunt⁹⁹⁵)‚

165 2534 304 2613 passione
327 2551 350 2593 s.
367 2533 453 2592 Afrae
476 2533 580 2592 confisi
602 2533 641 2592 ihi
660 2552 779 2612 quoque
794 2533 940 2610 templum
957 2533 1032 2593 lovis
1048 2532 1202 2612 Capitolini
1219 2536 1309 2596 luisse

164 2631 356 2694 arbitrantur.
395 2631 452 2690 Sed
476 2649 654 2710 quamquam
678 2631 840 2692 Ruinartus
857 2632 892 2692 Μ.
910 2633 1063 2693 Velserum
1085 2644 1205 2693 secutus
1227 2634 1329 2696 illam·

165 2730 264 2790 omnis
294 2729 470 2808 suspicionis
502 2738 651 2807 expertem
682 2749 747 2790 esse
770 2731 913 2802 affirmat,
940 2739 1114 2801 tamense,
1142 2751 1217 2811 quae
1240 2734 1309 2794 solis

165 2828 294 2890 exactis
316 2835 487 2888 sauctorum
512 2829 654 2906 pendent,
676 2829 847 2889 testimonia
864 2829 980 2890 'sincera
1004 2830 1132 2890 iudicare
1155 2849 1214 2890 non
1238 2851 1309 2910 pos-

165 2926 342 2997 summm).

288 3161 371 3244 ΠΙ.
415 3162 475 3242 Ile
504 3159 677 3260 origine
706 3159 869 3242 triadis
898 3160 1187 3262 Capitolinae.

253 3322 400 3394 Quoniam
430 3321 569 3400 Capitolia
599 3323 630 3382 in
661 3321 731 3382 orbe
760 3323 894 3384 llomauo
926 3343 1001 3403 quae
1021 3323 1139 3384 tuuim
1167 3333 1311 3404 quantum

170 3421 234 3482 eius
249 3422 314 3482 lieri
329 3423 425 3500 potuit
441 3421 643 3500 exposuimus
659 3429 891 3483 consentaneum
906 3422 1021 3484 videtur
1037 3443 1112 3495 esse,
1129 3431 1162 3484 ut
1178 3424 1311 3502 quaestio

169 3521 293 3580 addatur
322 3522 359 3580 de
387 3519 500 3597 origine
530 3520 630 3580 triadis
654 3520 847 3600 Capitolinae,
876 3541 963 3599 quom
994 3522 1031 3580 ad
1057 3523 1205 3582 rationem
1228 3522 1312 3601 Capi·

168 3619 308 3679 toliorum
344 3625 434 3678 totam
472 3619 674 3698 explicandam
702 3619 787 3680 nobis
821 3619 1037 3698 suscipiendam
1068 3639 1133 3680 esse
1162 3628 1311 3699 putamus.

170 3717 228 3777 Sed
252 3725 409 3796 antequam
433 3737 496 3778 eam
520 3717 739 3795 ingrediamur,
766 3719 845 3778 iuvat
867 3717 993 3778 fortasse
1016 3737 1076 3778 uno
1100 3719 1184 3798 quasi
1207 3719 1313 3780 obtutu

170 3817 205 3876 ad
235 3835 267 3876 ea
296 3817 442 3895 respicere
471 3835 547 3897 quae
577 3835 664 3895 supra
695 3816 868 3894 exponenda
895 3816 981 3876 nobis
1008 3817 1228 3896 proposuimus.
1273 3820 1314 3878 Ac

238 4009 281 4070 ²⁹⁴)
301 4011 365 4058 Anu.
386 4007 477 4057 societ.
497 4006 593 4071 antiqu.
612 4004 689 4056 Rhea.
709 4007 761 4056 vol.
780 4004 839 4056 Llll.
860 4005 913 4057 LlV
933 4021 955 4070 p.
971 4006 1018 4056 199
1032 4021 1084 4070 sqq.

240 4090 284 4151 ²⁹⁵)
303 4105 323 4138 e.
343 4105 367 4152 g.
386 4089 488 4140 Morcus
508 4088 640 4146 Volsonis,
669 4086 761 4138 llcrum
780 4089 886 4149 August.
912 4087 1011 4138 Vindel.
1031 4087 1094 4137 libri
1114 4087 1168 4137 Vlll
1190 4091 1224 4151 (a.
1242 4089 1315 4155 1682)

171 4170 237 4236 (opp.
260 4187 324 4220 omo.
344 4187 365 4235 p.
388 4169 524 4234 llisqq.);
544 4168 650 4231 Engelb.
670 4168 838 4228 Werlichius‚
857 4167 983 4218 Chronica
1002 4170 1034 4231 (a.
1058 4170 1133 4230 1595)
1151 4186 1174 4235 p.
1188 4171 1228 4220 33.

242 4252 284 4316 ²⁹⁶)
303 4253 420 4315 linirent,
440 4256 504 4302 dcta
523 4253 624 4302 sincera
643 4257 669 4300 et
687 4251 733 4302 sel.
754 4267 776 4315 p.
796 4252 846 4300 loo
864 4249 909 4314 (=
921 4255 950 4300 Α.
963 4249 1007 4300 SS.
1022 4265 1079 4300 non.
1093 4252 1158 4314 Aug.
1178 4254 1218 4314 (Α.
1236 4269 1314 4304 meus,

170 4337 239 4398 Aug.
257 4334 277 4384 ll
296 4351 319 4400 p.
334 4335 365 4384 tt
377 4333 450 4398 sq.)):
469 4335 616 4394 „Accidens
636 4334 666 4382 ad
685 4332 837 4397 Capitolium
858 4331 982 4399 sacrifica.
1019 4331 1083 4382 Alra
1101 4334 1248 4398 respoudit:
1268 4334 1315 4386 Ca-

172 4417 289 4483 pitolium
309 4431 389 4466 rreum
408 4413 526 4464 Christus
546 4422 593 4478 est,
613 4429 683 4479 quem
702 4414 781 4464 habeo
800 4419 859 4464 ante
878 4413 966 4464 ocules
985 4413 1080 4464 meos“.
