3114 5110
633 299 834 362 -9-

159 493 239 538 mam
262 475 540 556 repraesentarem),
565 480 674 538 tactum
697 476 832 539 ridemus
855 475 951 538 atrei
976 475 1187 538 ecclesiasticae
1211 478 1303 560 sarip-

158 584 241 636 torcs
264 575 372 637 iterum
395 575 564 656 iterumque
580 575 756 655 Capitolium
778 583 1047 637 commemorantes
1071 577 1220 656 religionis
1243 579 1304 641 llo-

157 676 308 736 Romanae
352 694 501 737 summam
545 675 784 755 intelligerent⁸).
851 676 962 748 Quodsi
1000 675 1131 756 luppiter
1174 678 1304 756 optimus

158 773 304 834 unanimus
327 773 509 851 gubernator
530 775 573 834 rei
596 773 728 854 publicae
745 775 892 836 Romanae
915 781 944 835 et
966 775 1059 836 totius
1081 775 1229 854 religionis
1251 794 1304 855 pa-

156 879 263 932 tronus
298 880 386 952 atque
418 872 558 934 defensor
589 873 748 951 putabatur
779 892 839 933 non
873 880 917 934 est
951 892 1003 934 cur
1031 872 1189 946 miremur,
1223 875 1303 954 quod

160 970 344 1032 Christianos
369 979 402 1030 ut
425 970 466 1030 illi
490 970 689 1032 sacrificarent
712 989 877 1050 novamque
900 971 986 1032 fidem
1012 972 1188 1050 denegarent
1203 973 1234 1032 in
1251 973 1305 1034 Ca-

157 1069 262 1130 tolium
285 1069 390 1130 abduci
412 1069 515 1129 solitos
538 1087 602 1130 esse
629 1069 762 1148 legimus.
805 1069 917 1142 Quibus
947 1070 1026 1132 enim
1055 1071 1085 1130 in
1113 1071 1227 1150 oppidis
1251 1070 1306 1132 Ca-

156 1169 257 1249 pitolia
281 1178 380 1230 essent
401 1175 435 1230 ut
458 1168 614 1230 Christiani
636 1170 668 1230 in
691 1169 761 1230 illud
784 1170 931 1249 templum
954 1170 1117 1248 denegandi
1139 1189 1225 1232 causa
1249 1171 1305 1231 du-

158 1275 295 1330 cerentur
317 1267 360 1328 rei
383 1276 488 1328 natura
512 1268 687 1346 postulabat.
733 1268 828 1340 Quam
853 1268 889 1328 oh
913 1286 975 1328 rem
1001 1277 1033 1328 ut
1055 1269 1091 1330 iis
1107 1268 1305 1330 assentiamur

157 1367 209 1448 qui
235 1385 267 1429 ea
298 1385 372 1446 qnae
403 1367 439 1427 de
463 1366 696 1428 Christianorum
726 1365 954 1428 deductionibus
983 1365 1015 1426 in
1045 1366 1218 1446 Capitolium
1244 1376 1304 1428 tra·

158 1467 272 1528 duntur
305 1465 410 1526 ficticia
445 1466 571 1526 habeant
604 1485 619 1526 a
652 1465 739 1526 nobis
774 1466 935 1545 impetrare
964 1483 1025 1526 non
1053 1484 1222 1545 possumus.
1272 1467 1305 1526 lu

158 1565 255 1625 Africa
279 1563 357 1626 enim
384 1564 433 1643 qui
457 1565 514 1624 tide
538 1565 703 1626 Christiana
727 1564 904 1626 deiecissent
927 1583 942 1623 a
966 1565 1137 1626 Novatianis
1161 1573 1189 1626 et
1206 1567 1305 1626 Dona-

156 1663 235 1724 tistis
258 1663 440 1742 Capitolinos
464 1670 583 1724 vocatos
607 1681 672 1724 esse
696 1663 837 1724 Pacianus
866 1683 911 1743 ep.
935 1663 954 1722 2
983 1682 1038 1724 nos
1062 1665 1173 1724 edocet.
1220 1665 1305 1743 Epis-

158 1779 298 1840 coporum
324 1761 483 1840 Hispaniae
522 1761 679 1822 concilium
703 1779 781 1822 anno
805 1781 832 1840 p.
858 1761 924 1822 Chr.
949 1760 1010 1821 305
1042 1761 1149 1822 llliheri
1173 1762 1303 1824 habitum

159 1861 259 1921 sanxit
279 1879 315 1920 oe
349 1863 412 1939 puis
436 1859 615 1922 Christianus
641 1860 679 1920 od
711 1861 821 1921 idolum
844 1859 977 1938 Capitolii
1006 1879 1093 1922 causo
1125 1861 1308 1940 sacrificandi

157 1959 290 2020 ascendat
317 1968 344 2018 et
364 1959 471 2032 videon
502 1959 623 2038 quodsi
642 1960 742 2038 fecerat
761 1961 830 2036 part
851 1961 967 2018 cumina
989 1969 1137 2031 tentatum
1171 1964 1197 2020 si
1215 1961 1305 2039 fuerit

155 2059 248 2138 fidelis
266 2068 330 2137 post
352 2057 445 2118 decem
468 2075 559 2118 anuos
580 2067 644 2118 acto
663 2061 837 2136 poenitentia
858 2056 1059 2136 tecchinpah.

228 2304 248 2365 l)
267 2303 328 2354 Cum
347 2303 411 2353 euim
429 2301 523 2354 Romae
542 2303 567 2352 in
587 2319 646 2352 area
666 2301 788 2368 Capitolii
807 2303 910 2352 deorum
935 2303 1043 2354 maxima
1070 2319 1129 2370 pars
1151 2303 1304 2370 deincepsa

160 2385 221 2436 love
241 2385 386 2450 Capitolino
410 2384 522 2450 hospitio
543 2392 646 2450 recepta
663 2391 739 2449 atque
759 2383 931 2434 aedicularum
955 2385 1023 2434 eirca
1047 2386 1166 2451 templum
1186 2401 1305 2436 numerus

161 2474 251 2518 auctas
270 2475 340 2518 esset
358 2468 402 2530 ita,
421 2473 450 2516 ut
468 2467 514 2516 ille
532 2468 613 2517 totius
632 2467 718 2529 gregis
738 2468 841 2518 deorum
861 2465 981 2517 defensor
1003 2475 1129 2532 tamquam
1153 2475 1227 2532 atque
1247 2485 1305 2533 pro-

159 2556 287 2614 pugnator
305 2549 440 2612 existeret,
459 2564 507 2597 nou
527 2548 618 2598 mirum
637 2549 740 2598 videtur
758 2550 823 2614 quod
841 2549 895 2614 ipse
915 2555 993 2598 totam
1007 2549 1159 2611 religionem
1173 2556 1304 2614 praestaro

160 2631 300 2680 dicebatur.
337 2631 454 2682 Ceterum
474 2631 550 2680 etiam
568 2631 595 2680 in
614 2630 724 2680 coloniis
748 2638 775 2680 et
797 2631 942 2695 municipiis
966 2631 1027 2680 aliis
1052 2631 1103 2680 diis
1127 2647 1204 2697 prope
1229 2630 1303 2695 Capi-

160 2712 225 2762 tolia
244 2711 372 2760 aediculas
391 2708 472 2760 lactas
492 2725 547 2760 esse
565 2710 633 2761 infra
653 2712 717 2761 satis
736 2712 839 2762 docebo.

226 2793 246 2855 ⁸)
266 2792 332 2844 Ecce
341 2793 500 2842 testimonia:
510 2793 629 2860 Cypriau.
641 2794 716 2859 epist.
727 2793 1003 2860 LVllll(ed.Hurtol.p.
1015 2795 1073 2856 688,
1084 2796 1103 2859 l)
1118 2795 1177 2860 quid
1189 2801 1306 2860 superest

158 2891 230 2942 qnam
245 2881 273 2924 ut
293 2875 401 2925 ccclesia
417 2875 544 2940 Capitolio
561 2876 635 2924 cedat
650 2883 675 2925 et
690 2875 866 2926 recedentibus
881 2875 1056 2926 sacerdotibus
1070 2892 1099 2925 ac
1113 2877 1207 2926 domiui
1222 2876 1305 2941 altare

158 2957 357 3007 removentibus.
373 2984 406 2992 -
424 2956 541 3007 Lactant.
561 2956 643 3006 instit.
658 2956 768 3007 div.lib.
792 2955 802 3006 l
828 2958 911 3021 ll‚ll:
932 2957 1015 3006 sciant
1033 2973 1093 3019 ergo
1113 2957 1216 3006 lionaaui
1231 2955 1306 3022 Capi-

159 3039 250 3089 tolium
270 3055 349 3101 suum,
369 3038 394 3088 id
415 3045 454 3088 est
472 3053 593 3088 summum
613 3045 688 3104 caput
707 3038 857 3101 religionum
876 3037 1048 3104 publicarum,
1071 3038 1134 3087 nihil
1154 3053 1210 3087 esse
1235 3038 1304 3087 uliud

159 3135 231 3186 quatu
250 3120 325 3170 inane
344 3120 524 3171 monimentum
542 3117 573 3168 cl.
592 3119 654 3168 ibid.
674 3120 691 3168 l.
711 3117 743 3169 lll
764 3120 851 3182 tutu:
871 3120 1024 3184 Capitolium
1043 3119 1108 3184 quod
1128 3126 1167 3169 est
1179 3117 1305 3170 Romanae

160 3202 230 3252 urbis
250 3208 276 3252 et
295 3201 431 3263 religionis
450 3206 526 3266 caput
546 3217 674 3250 summum.
694 3229 727 3238 -
753 3201 870 3251 Prudent.
894 3203 942 3264 (ed.
964 3200 1086 3266 llressel.)
1108 3202 1192 3267 apoth.
1213 3219 1236 3252 v.
1255 3203 1306 3253 tta

160 3285 214 3350 ipsa
234 3283 289 3333 suis
308 3283 433 3333 Christum
454 3283 579 3348 Capitolia
599 3283 702 3332 Romula
716 3289 838 3347 moerent,
858 3281 1014 3348 principibus
1033 3283 1119 3333 lucere
1133 3283 1218 3346 deum3
1237 3281 1269 3333 cl.
1283 3299 1304 3333 θ.

163 3367 335 3433 Syrumachum
348 3365 358 3415 l
371 3365 421 3414 625
435 3372 461 3414 et
474 3380 634 3430 quascunque
644 3365 729 3415 solent
742 3363 867 3430 Capitolia
882 3365 1002 3414 claudere
1016 3365 1111 3414 larvas.
1125 3391 1157 3400 —
1170 3363 1304 3428 Angustia.

164 3449 194 3497 de
213 3447 261 3498 civ.
282 3448 323 3497 dei
342 3447 360 3495 l.
379 3445 400 3496 ll
421 3445 451 3498 12
470 3447 539 3495 itauo
559 3447 640 3511 pluris
659 3447 707 3496 tibi
725 3447 838 3496 habenda
858 3453 898 3496 est
918 3447 1076 3496 existimatio
1096 3446 1183 3496 curiae
1202 3453 1305 3496 vestrae

160 3546 231 3597 quam
250 3529 381 3594 Capitolii,
398 3529 472 3578 immo
492 3528 585 3578 Romae
606 3528 680 3578 unius
699 3543 771 3592 quana
791 3529 858 3578 caeli
876 3526 976 3579 totius?
995 3556 1026 3565 -
1050 3526 1111 3577 lsid.
1131 3527 1200 3592 llisp.
1220 3525 1304 3593 Etym.

160 3614 204 3662 tit.
222 3611 273 3663 XV
291 3627 311 3660 c.
332 3611 346 3659 2
365 3610 520 3674 Capitolium
538 3609 675 3659 lionrauum
694 3617 811 3660 vocatum
831 3625 860 3659 eo
880 3611 944 3676 quod
964 3608 1181 3660 lueritllomanae
1195 3609 1265 3658 urbis
1279 3616 1305 3658 et

160 3693 295 3756 religionis
314 3700 389 3758 caput
407 3707 535 3742 summum.
556 3719 588 3728 -—
606 3691 684 3740 Zeno.
703 3697 778 3741 tract.
798 3689 858 3742 XlV
878 3693 908 3742 de
927 3693 1012 3756 spirit.
1026 3690 1101 3743 aedil.
1116 3693 1181 3742 doru.
1195 3692 1236 3741 dei
1254 3694 1304 3756 (ap.

160 3775 282 3838 Mignium
302 3774 394 3839 patrol.
412 3774 457 3824 lat.
478 3774 530 3824 vol.
549 3771 587 3822 Xl
604 3771 620 3838 ᾗ
638 3773 694 3838 109)
717 3772 801 3822 ludaei
821 3771 932 3824 fortasse
955 3774 1050 3824 cultius
1075 3789 1217 3840 synagogas
1235 3775 1305 3823 aedi-

159 3858 246 3918 ficent,
264 3855 358 3906 cultius
377 3855 478 3916 erigant
495 3854 630 3919 Capitolia.
654 3881 687 3890 -
711 3855 797 3904 Simili
815 3856 887 3904 modo
912 3855 1067 3906 Tertulliau.
1091 3855 1113 3904 d.
1133 3863 1212 3921 spect.
1231 3873 1252 3905 c.
1276 3855 1305 3907 12

160 3938 312 4004 Capitolium
332 3939 440 3988 omnium
459 3937 604 3988 daemonnm
623 3938 742 4002 templum
762 3935 794 3988 ol.
813 3938 871 3987 adv.
885 3944 935 3987 nat.
949 3937 991 3986 lib.
1005 3936 1039 3987 lll
1052 3954 1072 3986 c.
1089 3937 1127 3986 16.
1165 3938 1305 3987 llucetiam

160 4021 267 4070 Servius
285 4027 384 4084 spectat
403 4019 428 4068 iu
447 4026 587 4068 commento
606 4019 727 4069 Aeneidis
747 4018 792 4068 lib.
813 4018 832 4068 ll
851 4037 875 4070 v.
896 4019 959 4068 319:
979 4020 1005 4068 in
1024 4019 1148 4084 Capitolio
1169 4020 1235 4069 enim
1254 4035 1305 4068 om·

161 4103 229 4152 niutu
247 4100 351 4150 deorum
369 4101 507 4150 simulacra
526 4100 683 4150 colebantur.
720 4100 768 4148 l'ro
782 4101 865 4165 capite
877 4101 980 4150 verbum
993 4108 1132 4164 usurpatur
1145 4117 1158 4150 a
1173 4100 1304 4150 Chalcidio

160 4185 186 4234 in
205 4183 323 4233 translat.
343 4181 458 4232 Platonis
477 4182 574 4233 Timaei
598 4184 646 4247 (ap.
666 4181 787 4232 lllullach.
807 4181 896 4245 lragm.
916 4181 1007 4246 philos.
1028 4180 1071 4232 Gr.
1092 4183 1143 4232 vol.
1162 4181 1182 4232 ll
1202 4199 1224 4248 p.
1244 4182 1305 4244 231)

161 4281 182 4316 o.
201 4264 262 4316 221:
282 4267 350 4328 (pars
369 4263 475 4326 animae)
494 4271 619 4329 tamquam
638 4263 718 4313 totius
738 4263 853 4328 corporis
873 4263 1028 4328 capitolium.

229 4346 248 4409 9)
268 4361 307 4410 ap.
327 4343 451 4394 blansium
476 4346 536 4394 coll.
559 4346 650 4396 concil.
678 4345 753 4410 ampl.
771 4351 831 4394 tom.
850 4343 870 4394 ll
894 4361 916 4410 p.
939 4344 968 4392 15
988 4361 1008 4395 o.
1028 4343 1095 4396 LlX.
1132 4345 1173 4396 Sic
1200 4344 1305 4396 concilii
