3114 5110
709 325 931 387 ..16-

246 501 418 580 persuadet,
454 498 558 560 adduci
585 516 647 561 non
675 518 797 579 possum
827 508 859 561 ut
887 519 1002 580 sequar.
1049 500 1168 562 Minime
1198 501 1277 562 enim
1308 501 1391 562 illum

247 598 421 680 principem,
445 617 511 659 eum
526 616 629 677 parcus
646 616 702 658 nec
716 616 784 660 raro
800 599 844 659 vel
860 618 964 660 avarus
980 599 1071 660 luisse
1087 599 1229 671 tradatur,
1245 599 1302 660 tale
1317 618 1392 679 opus

248 699 284 758 de
312 717 365 758 sua
394 697 518 777 pecunia
548 698 758 759 exstruendum
788 716 905 760 curasse
935 698 1120 772 crediderim,
1150 698 1260 778 quippe
1282 699 1331 777 qui
1354 717 1393 759 ne

247 795 359 856 Romae
387 796 505 876 quidem
536 813 624 876 opera
652 795 818 875 magnificia
845 795 1058 876 perficeret²⁸).
1102 797 1160 858 Sed
1188 805 1256 858 utut
1283 815 1330 858 res
1360 816 1394 858 se

248 893 344 968 habet,
368 896 424 956 hoc
440 903 567 968 constat,
589 894 700 956 Tiberii
722 902 817 956 aetate
839 896 954 976 Capuae
976 896 1119 976 templum
1142 895 1217 957 lovis
1239 895 1395 976 Capitolini

246 992 409 1069 fuissem).
443 993 486 1053 Ex
509 993 573 1054 Silii
593 993 690 1054 verbis
707 993 810 1054 Castan
834 1013 862 1074 p.
879 995 930 1056 65.
954 996 993 1055 75
1016 995 1081 1056 loco
1105 994 1229 1056 editiore
1248 995 1394 1075 templum

248 1092 367 1152 stetisse
395 1092 546 1154 concludit
573 1111 671 1172 neque
699 1093 782 1153 aliter
804 1093 914 1156 iudicat
936 1089 1162 1172 Relochiusffi).
1187 1093 1269 1171 ·Ego
1292 1101 1394 1154 contra

247 1209 343 1251 meras
377 1208 441 1251 esse
474 1209 568 1270 nugas
602 1197 682 1270 puto,
716 1190 808 1270 siquis
843 1211 879 1252 ex
907 1200 1011 1270 poetae
1046 1191 1142 1252 verbis
1172 1192 1244 1252 illud
1278 1191 1396 1253 efficere

248 1289 327 1350 velit.
366 1289 455 1350 Silius
479 1289 558 1350 enim
582 1290 735 1350 materiam
754 1290 923 1352 historicam
947 1311 981 1350 ex
997 1290 1079 1352 Livio
1103 1291 1309 1370 depromptam
1332 1290 1395 1351 suis

248 1387 342 1466 ipsius
364 1387 586 1450 inventionibus
610 1383 733 1468 poeticis
755 1388 875 1450 miscuit
896 1397 984 1468 atque
1007 1397 1182 1450 ornamento
1199 1388 1396 1468 mythologice

251 1504 285 1546 ex
302 1485 425 1563 Vergilio
450 1486 606 1547 maximam
624 1496 737 1566 partem
761 1489 868 1548 hausto
891 1505 946 1549 nec
966 1507 1034 1548 raro
1052 1488 1127 1549 male
1143 1486 1274 1550 adhibito
1290 1487 1398 1548 detur-

250 1583 330 1662 pavit
341 1597 428 1662 atque
436 1584 572 1646 confudit
580 1582 628 1664 ³⁰).
644 1585 747 1664 ltaque
759 1585 830 1648 illud
843 1585 920 1646 Silii:
939 1595 1126 1655 „monstrant
1138 1585 1278 1664 Capitolia
1291 1585 1397 1658 celsa“,

250 1701 316 1743 cum
341 1690 456 1762 spectet
478 1684 514 1743 ad
540 1684 643 1762 Vergil.
688 1685 763 1744 Aen.
786 1685 804 1744 l.
829 1683 892 1744 Vlll
916 1683 993 1746 653:
1018 1685 1134 1758 „stabat
1156 1703 1209 1766 pro
1232 1683 1343 1764 templo
1366 1692 1399 1744 et

254 1780 393 1860 Capitolia
410 1781 484 1842 celsa
500 1781 652 1852 tenebat“,
676 1782 724 1844 ille
739 1789 824 1862 poeta
841 1781 928 1843 nobis
951 1783 1035 1844 testis
1058 1783 1309 1863 locupletissimus
1333 1801 1399 1844 esse

249 1880 361 1960 nequit.
399 1880 518 1942 Accedit
535 1881 613 1960 quod
637 1881 758 1962 antiqua
774 1881 872 1962 Capua
895 1891 958 1942 erat
973 1891 1034 1944 tota
1050 1882 1081 1944 in
1097 1883 1227 1964 planitie,
1250 1882 1302 1944 ubi
1316 1897 1400 1942 nunc

251 1980 280 2040 S.
305 1978 396 2040 Maria
420 1979 449 2040 di
465 1980 572 2060 Capua,
596 1999 654 2059 quo
678 1981 711 2040 nt
733 1988 767 2041 ut
783 1980 960 2061 Capitolium
984 1980 1016 2042 in
1032 1982 1154 2062 planitie
1177 1982 1270 2044 fuisse
1293 1999 1399 2042 cense-

249 2098 343 2140 amus.
388 2079 530 2140 l'erverse
553 2087 654 2140 autem
677 2079 833 2146 belocbius
855 2079 1001 2158 templum
1024 2080 1054 2141 in
1079 2080 1195 2142 excelso
1217 2080 1281 2142 loco
1304 2077 1400 2138 luisse

249 2197 317 2239 cum
340 2177 413 2238 Silio
437 2185 557 2238 auctore
580 2177 635 2238 sibi
660 2179 832 2257 persuadeat
854 2195 953 2257 neque
976 2178 1053 2240 intra
1075 2179 1175 2258 oppidi
1191 2196 1293 2238 muros
1315 2177 1400 2237 collis

250 2276 428 2358 reperiatur,
451 2276 523 2337 illud
536 2283 617 2338 extra
633 2275 738 2338 urbem
753 2278 785 2338 in
801 2276 920 2340 Tifatini
938 2277 1046 2338 montis
1061 2277 1207 2338 radicibus
1223 2276 1400 2356 ponendum

249 2375 354 2438 statuit
363 2373 411 2455 82).
457 2375 543 2447 Quod
567 2394 627 2458 quo
650 2376 755 2437 melius
778 2375 884 2455 probet
905 2374 1050 2448 Tacitum,
1074 2375 1125 2454 qui
1151 2375 1296 2455 templum
1319 2375 1399 2454 apud

250 2475 378 2554 Capuam
402 2473 463 2534 lovi
485 2473 635 2536 Tiberium
668 2475 821 2536 dedicasse
852 2473 900 2547 ait,
931 2474 966 2534 ad
996 2481 1094 2552 partes
1123 2493 1192 2536 suas
1221 2481 1315 2534 vocet.
1360 2473 1400 2532 nt

248 2574 297 2635 ille
313 2591 379 2634 eum
397 2572 469 2634 dicit
485 2573 629 2652 ‚,apud“
652 2573 780 2653 Capuam
796 2573 874 2634 idem
891 2572 1035 2650 significat
1052 2573 1130 2652 quod
1147 2573 1317 2643 Suetonius,
1341 2571 1359 2631 i.
1373 2589 1401 2631 e.

250 2672 380 2750 Capuam
403 2671 623 2750 praepositione
647 2671 727 2732 enim
750 2671 825 2750 apud
854 2669 1026 2748 saepissime
1052 2671 1155 2744 utitur,
1187 2669 1237 2732 ubi
1264 2689 1320 2730 nos
1348 2689 1402 2730 ex-

249 2777 452 2850 spectaremus
468 2769 556 2842 „in“
580 2777 631 2831 aut
646 2770 677 2831 in
695 2769 866 2830 nominibus
882 2769 1060 2848 oppidorum
1076 2770 1240 2832 secundum
1255 2787 1402 2848 praecep·

249 2879 316 2930 tum
347 2868 516 2948 genetivum
528 2867 575 2949 ³⁸).
621 2869 702 2941 Quae
733 2868 836 2948 opinio
868 2885 956 2948 quam
984 2868 1056 2930 falsa
1083 2869 1121 2928 sit
1152 2869 1215 2930 solo
1246 2887 1283 2929 ex
1304 2867 1399 2928 inter·

318 2990 352 3054 28)
371 2988 403 3040 cl.
421 2990 527 3040 Sueten.
545 3005 570 3041 v.
590 2988 647 3038 Tib.
666 3005 687 3039 o.
707 2989 749 3038 47.

318 3071 362 3133 ²⁹⁸)
380 3070 468 3135 Neque
496 3085 559 3121 vero
583 3071 642 3134 quid
666 3069 716 3118 sibi
739 3069 806 3119 velit
829 3069 962 3120 Beloenius
982 3069 1114 3134 intelligo,
1137 3085 1194 3118 eum
1215 3077 1319 3120 censeat
1341 3069 1397 3119 inde

249 3153 314 3219 quod
339 3153 420 3202 Silius
447 3152 542 3202 bellum
565 3151 688 3202 Punicum
711 3150 859 3200 describens
883 3149 1005 3216 Capitolii
1027 3151 1185 3214 meminerit,
1213 3151 1279 3200 illud
1302 3151 1395 3214 Capuae

249 3233 330 3284 fuisse
349 3242 482 3300 antequam
501 3233 606 3283 Romani
624 3231 712 3282 urbem
731 3247 791 3282 suae
810 3232 916 3282 ditionis
935 3231 1050 3284 lacerent
1076 3248 1206 3298 apparere.
1243 3232 1297 3282 Hoc
1318 3231 1395 3294 igitur

251 3317 386 3367 tenendum
410 3314 569 3382 temporibus
592 3313 690 3378 Capuae
713 3312 812 3363 liberae
835 3313 990 3379 Capitolium
1013 3314 1146 3364 exstitisse
1170 3329 1185 3364 a
1208 3314 1279 3364 nullo
1300 3315 1400 3364 demon-

253 3399 335 3449 strari
354 3414 435 3464 posse.

318 3480 363 3540 ²⁹¹³)
382 3479 461 3530 Liber
480 3478 536 3528 eius
555 3476 724 3528 inscribitur:
744 3475 929 3544 Topograplrie,
949 3477 1100 3528 Geschiclrte
1118 3479 1168 3528 und
1181 3477 1266 3528 Leben
1284 3479 1332 3528 der
1345 3477 1405 3529 Urn-

252 3560 480 3631 gebung..dleapels
499 3560 533 3610 im
552 3560 691 3624 Altertom,
712 3559 780 3626 Lips.
803 3560 876 3610 1879.
912 3559 972 3610 vide
990 3558 1060 3610 inira
1078 3560 1136 3610 ada.
1154 3561 1195 3610 32.

319 3645 350 3707 ⁸⁰)
369 3641 401 3693 cl.
426 3642 460 3693 lo.
485 3642 682 3693 Scblichteiseni
709 3642 917 3693 dissertationem
944 3643 974 3693 de
1001 3641 1050 3692 lide
1072 3643 1199 3693 historica
1229 3641 1290 3694 Silii
1316 3641 1405 3692 Italici

252 3724 417 3790 (Regimontii
435 3741 458 3774 a.
479 3723 563 3783 1881).

319 3807 351 3871 ⁸¹)
370 3804 402 3857 ei.
422 3805 475 3856 Cic.
494 3807 517 3856 d.
536 3806 594 3869 lege
612 3819 666 3868 agr.
686 3803 708 3856 ll
726 3822 747 3856 c.
767 3805 799 3856 35
818 3804 879 3870 §96
898 3806 983 3872 Capua
1000 3805 1150 3872 planissimo
1163 3806 1190 3856 in
1201 3805 1258 3856 loco
1272 3805 1404 3872 explicata

250 3905 281 3940 ac
299 3887 505 3955 praeclarissime
523 3887 582 3937 sita.

319 3972 350 4033 ⁸¹)
370 3969 402 4022 cl.
413 3971 431 4020 l.
442 3987 463 4020 c.
474 3987 497 4036 p.
509 3969 571 4020 360:
590 3969 635 4020 das
645 3967 750 4036 liapitol
767 3971 810 4035 lag
819 3971 873 4022 also
889 3969 1036 4021 aulserhalb
1046 3969 1091 4019 der
1101 3968 1184 4020 Stadt.
1219 3966 1310 4019 lilioli.
1321 3969 1349 4018 in
1358 3969 1411 4018 der·

252 4052 341 4102 Eleos
360 4052 459 4102 kbnnen
477 4052 527 4102 wir
545 4067 592 4101 uus
612 4067 661 4100 nun
680 4053 780 4102 schwer
798 4052 950 4118 vorstellen,
968 4053 1019 4102 und
1037 4051 1063 4101 in
1082 4051 1128 4100 der
1146 4049 1213 4100 That
1230 4051 1340 4112 bezeugt
1356 4065 1413 4101 uns

250 4134 331 4184 Silius
359 4134 399 4185 die
426 4134 495 4196 Lege
521 4132 567 4184 aul*
590 4133 663 4184 einer
693 4133 770 4184 llbhe.
810 4134 857 4184 Die
885 4135 988 4184 n'aiclrste
1007 4133 1145 4198 Erhdhung
1172 4133 1217 4184 des
1235 4133 1335 4184 Bodens
1361 4131 1415 4183 hei

251 4217 335 4282 Capua
353 4215 410 4267 sind
428 4216 491 4268 aber
508 4216 549 4267 die
568 4215 700 4280 Vorhiigel
718 4216 762 4266 des
781 4213 882 4280 Tifata,
906 4216 957 4266 und
974 4215 1076 4266 hierbin
1099 4217 1167 4268 wird
1183 4216 1240 4266 also
1259 4214 1304 4264 das
1323 4211 1354 4264 ll.
1375 4228 1417 4264 zu

252 4305 337 4348 setzen
357 4298 421 4349 sein.

319 4379 352 4446 ⁸³)
369 4379 417 4430 llic
438 4380 638 4447 praepositionis
664 4393 726 4430 usus
748 4395 797 4430 non
822 4379 951 4445 reperitur
975 4379 1002 4430 in
1021 4378 1106 4434 Taciti
1124 4378 1230 4445 scriptis
1247 4377 1412 4442 minoribus,
